1563 2511
612 74 657 79 —
727 63 792 92 vii
855 75 913 80 ——

88 172 216 211 quam
249 155 436 198 auctoris
468 155 620 210 genius
653 155 735 196 sibi
779 170 885 209 quae
925 156 1162 198 uindicaret
1199 156 1430 210 paucisque

87 215 184 257 aliis
218 229 325 269 quae
363 216 542 269 possent
581 228 706 255 curae
746 228 854 268 esse,
896 229 980 256 non
1012 215 1169 256 mirum
1205 215 1242 256 si
1273 215 1431 256 retine-

88 275 245 315 bantur
280 273 324 314 111
357 272 543 327 scriniis,
580 272 680 313 dum
719 273 923 314 conlectis
966 274 1182 327 opusculis
1223 274 1268 315 in
1298 288 1429 315 unum

88 333 209 387 quasi
236 346 389 386 corpus
417 332 546 372 etiam
577 331 685 374 haec
711 331 873 386 ingenii
900 331 1142 373 Ausoniani
1175 333 1430 374 documenta

89 393 365 445 emergerent,
392 404 499 444 quae
520 391 606 431 iam
626 404 802 444 prorsus
824 390 1004 432 diuersis
1025 390 1207 432 inmixta
1230 393 1430 445 poterant

87 450 256 504 placere
293 449 502 504 pluribus.
558 449 676 491 uelut
718 448 973 503 Ephemeris
1011 463 1203 504 quaeque
1243 464 1337 491 eam
1370 464 1430 491 se-

88 511 241 550 cuntur
272 508 316 549 in
348 507 562 550 Vossiano
589 507 837 549 Domestica
870 522 978 562 quae
1010 508 1308 562 inscripsimus
1341 523 1430 550 car-

88 568 203 608 mina
229 581 324 609 cum
343 566 639 608 Parentalibus
667 570 710 608 et
734 566 1032 609 Professorum
1052 565 1431 622 Burdigalensium

87 626 503 667 commemoratione.

177 683 258 725 Sed
301 687 469 726 restant
506 684 609 738 alia,
655 684 807 738 quibus
846 683 958 738 quod
996 683 1183 738 praefari
1222 684 1430 738 amicique

86 757 243 785 nomen
289 757 550 802 praeponere
588 742 828 797 supersedit
870 745 999 796 poeta
1045 743 1199 783 mirum
1248 742 1430 796 uidetur,

236 801 389 843 Vrbes.
461 816 560 842 nam
607 816 679 843 eas
729 804 953 855 tamquam
997 801 1239 843 Theodosio
1285 815 1428 843 sacras

86 863 262 914 propter
300 875 448 902 11613113
487 861 543 901 64
569 875 676 916 sqq,
715 861 782 902 cui
819 862 960 902 totum
998 860 1201 902 uolumen
1240 863 1333 901 erat
1372 860 1430 901 di-

86 922 246 973 catum,
285 921 481 973 exceptas
520 919 654 960 fuisse
696 920 749 960 ab
789 933 838 960 ea
875 933 1029 961 norma
1060 919 1133 960 uix
1166 919 1429 960 crediderim.

88 977 157 1019 Sic
189 978 333 1032 potius
366 992 535 1019 censeo:
569 992 694 1032 quae
727 978 953 1019 carmina
979 977 1239 1019 Ausonius
1273 978 1429 1018 certis

87 1037 263 1078 amicis
297 1039 382 1078 aut
421 1037 653 1078 omnibus
692 1037 909 1078 lecturis
948 1036 1162 1086 dicauit,
1204 1051 1259 1077 ea
1291 1036 1430 1077 edita

87 1097 203 1136 sunt
235 1097 321 1136 aut
348 1097 618 1149 antequam
644 1095 861 1149 primum
888 1095 1137 1148 opuscula
1166 1095 1430 1149 redigeret

85 1154 136 1195 in
167 1153 412 1208 ordinem,
452 1156 537 1195 aut
567 1154 677 1207 ipso
712 1168 766 1195 eo
802 1156 1047 1208 tempore,
1080 1168 1175 1207 quo
1208 1154 1430 1207 parabat

87 1213 301 1254 alteram
363 1213 639 1254 tertiamue
702 1213 1068 1267 opusculorum
1132 1212 1428 1265 editionem3

86 1286 211 1325 quae
237 1271 431 1312 nullam
457 1286 575 1325 prae
603 1286 652 1313 se
685 1272 860 1312 ferunt
887 1271 992 1312 eius
1020 1271 1152 1312 modi
1179 1285 1429 1313 commen-

85 1330 363 1384 dationem,
397 1345 452 1371 ea
484 1345 584 1372 non
615 1330 717 1372 nisi
748 1330 801 1371 in
828 1331 940 1384 ipsa
966 1330 1292 1371 conlectione
1321 1330 1428 1371 siue

85 1390 256 1443 priore
289 1390 396 1430 siue
430 1389 595 1430 altera
627 1391 743 1430 sunt
775 1389 923 1431 edita.

175 1448 316 1502 Atque
359 1448 423 1489 bis
468 1448 639 1502 quidem
677 1449 817 1502 ipsum
861 1449 1077 1489 auctorem
1116 1447 1308 1489 conlecta
1353 1462 1429 1488 sua

86 1507 292 1560 opuscula
314 1507 507 1547 emisisse
530 1507 625 1560 ipsa
652 1507 914 1548 dedicatoria
934 1506 1138 1561 carmina,
1163 1506 1427 1547 Praefatiun-

86 1565 202 1606 culas
254 1580 358 1619 quas
404 1565 586 1607 diximus
601 1599 612 1620 7
660 1567 862 1607 euincunt
896 1565 1171 1632 ‘tertiumque
1215 1565 1428 1606 edituium

85 1621 228 1665 fuisse
245 1639 295 1666 ea
321 1625 509 1665 carmina
533 1625 732 1679 probant,
758 1639 866 1679 quae
892 1624 936 1664 in
962 1624 1096 1665 altera
1123 1623 1310 1665 editione
1342 1638 1430 1665 non

86 1685 258 1737 recepta
295 1683 427 1724 fuisse
467 1684 571 1724 satis
610 1686 779 1725 constat
816 1698 866 1724 ex
898 1685 1143 1737 temp01um
1175 1682 1429 1735 rationibus,

87 1741 268 1782 edidisse
300 1744 445 1783 tamen
477 1742 637 1797 ipsum,
670 1742 993 1796 qualiacumque
1026 1744 1159 1795 erant,
1193 1742 1428 1783 amicorum

86 1814 242 1842 nomen
273 1801 565 1855 praepositum
597 1801 795 1842 ostendit.

175 1858 233 1900 Et
264 1860 448 1913 primam
475 1860 647 1913 quidem
679 1860 911 1901 editionem
940 1858 1156 1913 Syagrio
1189 1858 1428 1912 adscripsit,

88 1918 214 1959 simul
247 1919 444 1960 omnibus
482 1918 655 1960 lecturis
689 1933 733 1960 se
767 1933 927 1972 suaque
959 1917 1263 1959 commendans
1297 1915 1429 1971 (quod

87 1977 218 2018 etiam
257 1977 301 2017 in
338 1977 535 2018 Bissulae
574 1978 895 2032 epigrammatis
935 1976 1070 2018 Paulo
1106 1976 1250 2018 missis
1294 1975 1428 2030 fecit),

88 2036 270 2077 alteram
297 2035 589 2078 Theodosio
617 2036 850 2091 Augusto
879 2038 921 2077 et
946 2038 1092 2077 uetera
1119 2038 1161 2076 et
1192 2035 1429 2076 recentiora

88 2095 279 2136 carmina
305 2095 532 2149 expetenti.
581 2096 766 2148 tertiam,
799 2110 926 2150 quam
953 2108 1128 2148 parasse
1157 2108 1253 2135 eum
1285 2093 1429 2148 prodit

87 2153 212 2204 illud,
262 2153 372 2207 quod
421 2154 606 2208 undique
656 2154 979 2209 qualiacumque
1031 2153 1133 2194 olim
1182 2155 1318 2194 metro
1367 2153 1427 2193 lu-

88 2215 219 2266 serat,
261 2212 528 2266 corradebat,
568 2227 654 2254 non
695 2213 837 2267 ipsum
876 2212 1130 2263 absoluisse7
1173 2211 1246 2251 sed
1286 2210 1427 2251 nescio

89 2285 214 2325 quem
247 2271 338 2312 siue
369 2276 602 2326 cognatum
629 2271 719 2313 siue
747 2271 1022 2324 familiarem,
1054 2270 1097 2311 id
1127 2269 1283 2323 ipsum,
1316 2269 1428 2322 quod
