1563 2511
627 51 882 92 —8-

86 154 146 196 Et
179 169 295 196 mare
328 157 370 196 et
402 155 607 197 obscurae
640 156 769 198 chaos
801 157 1092 211 insuperabile
1125 157 1283 198 noctis:
1390 169 1431 199 15

84 214 327 269 Inrequies,
361 217 514 256 cuncta
545 215 638 270 ipse
670 230 866 267 mouens,
898 218 1124 270 uegetator
1155 216 1357 258 inertum:

84 272 185 314 Non
217 273 364 328 genito
398 275 593 329 genitore
628 275 748 329 deus,
782 275 855 329 qui
885 274 1034 315 fraude
1069 275 1241 329 superbi

85 331 283 374 Offensus
315 333 464 386 populi
497 336 646 388 gentes
679 334 724 374 in
756 347 890 388 regna
920 333 1109 383 uocauit,

84 389 241 445 Stirpis
276 391 502 445 adoptiuae
535 392 711 433 meliore
744 406 935 447 propage
968 392 1189 433 colendus:

85 448 266 492 Cernere
299 465 423 505 quem
455 451 577 492 licuit
608 451 799 505 proauis,
832 465 914 505 quo
947 451 1121 492 numine
1153 451 1245 492 uiso
1389 463 1434 493 20

83 508 143 550 Et
174 511 342 563 patrem
374 509 536 551 uidisse
569 510 737 551 datum:
771 510 971 565 contagia
1003 512 1152 551 nostra

86 567 168 617 Qui
200 568 302 609 tulit
334 571 376 609 et
410 568 490 610 diri
523 584 676 623 passus
709 569 894 610 ludibria
924 569 1000 610 leti

82 626 191 668 Esse
223 627 306 668 iter
338 630 536 669 aeternae
569 627 713 669 docuit
744 628 974 669 remeabile
1006 629 1138 669 uitae:

86 684 179 734 Nec
212 687 348 728 solam
381 701 571 728 remeare
604 687 811 741 animam,
844 687 917 728 sed
950 701 1126 741 corpore
1158 689 1252 728 toto
1404 698 1437 723 το

87 743 306 786 Caelestes
338 746 502 787 intrare
533 746 685 801 plagas
718 750 760 787 et
791 747 917 787 inane
951 746 1135 801 sepulcri
1391 756 1435 787 25

82 803 300 845 Arcanum
332 805 479 845 uacuis
513 804 766 858 adopertum
798 805 990 859 linquere
1022 805 1163 846 terris.

143 862 256 904 Nate
288 863 426 917 patris
461 864 617 904 summi
648 866 882 918 nostroque
916 864 1112 905 salutifer
1145 878 1270 918 aeuo,

83 920 278 963 Virtutes
311 922 475 976 patrias
509 922 681 977 genitor
714 922 781 963 cui
811 922 991 964 tradidit
1023 937 1188 973 omnes,

83 979 158 1021 Nil
193 995 242 1022 ex
275 981 437 1022 inuidia
470 981 660 1022 retinens
692 981 931 1035 plenusque
964 982 1181 1036 datorum,
1403 993 1436 1019 75

82 1038 226 1081 Pande
246 1040 361 1081 uiam
383 1040 580 1094 precibus
601 1041 850 1095 patriasque
870 1040 975 1082 haec
994 1040 1137 1095 perfer
1157 1041 1208 1082 ad
1231 1055 1363 1083 aures.
1391 1052 1435 1083 30

141 1098 227 1153 Da,
259 1101 400 1153 pater,
432 1099 638 1140 inuictam
671 1101 821 1140 contra
854 1100 999 1141 omnia
1031 1099 1213 1141 crimina
1237 1103 1424 1141 mentem

82 1156 402 1212 Vipereumque
434 1158 555 1199 nefas
587 1159 773 1199 nocituri
806 1161 950 1200 auerte
986 1160 1150 1200 ueneni.

83 1214 149 1257 Sit
182 1217 302 1267 satis,
335 1217 556 1272 antiquam
590 1231 764 1272 serpens
798 1217 911 1272 quod
943 1218 1135 1272 prodidit
1166 1218 1361 1259 Aeuuam

81 1274 404 1330 Deceptumque
438 1276 633 1317 adiunxit
665 1276 823 1317 Adam:
855 1290 935 1317 nos
970 1291 1064 1317 sera
1095 1280 1302 1331 nepotum
1401 1290 1435 1314 80

85 1332 276 1389 Semina,
308 1335 506 1376 ueridicis
540 1335 644 1376 olim
677 1335 895 1388 praedicta
927 1336 1170 1389 prophetis,
1391 1347 1434 1378 35

84 1392 281 1435 Vitemus
314 1394 510 1448 laqueos,
544 1409 649 1448 quos
683 1394 827 1435 letifer
859 1394 1042 1448 inplicat
1075 1395 1240 1450 anguis.

182 1478 224 1508 15
252 1475 408 1509 obseura
436 1474 479 1508 0¹
503 1476 507 1516 Ι
530 1474 642 1509 cahos
671 1474 703 1508 V
723 1475 727 1517 Ι
749 1474 1000 1519 insuperauile
1029 1475 1062 1509 V
1084 1475 1335 1521 insuperabile
1356 1476 1392 1510 P

84 1525 127 1555 16
155 1521 298 1556 cunctis
325 1522 384 1566 ΡΙ
413 1521 568 1556 mobens
599 1521 634 1555 V
705 1526 746 1556 17
772 1521 858 1556 Non
884 1522 1053 1567 genitore
1081 1522 1114 1556 T
1190 1526 1233 1557 18
1259 1534 1373 1568 regno
1401 1523 1438 1557 P

146 1572 187 1603 19
214 1579 383 1613 propago
410 1568 567 1603 dicimus
594 1570 631 1603 et
655 1579 839 1613 propages
867 1569 964 1603 sicut
989 1580 1158 1615 conpago
1186 1572 1223 1604 et
1249 1581 1435 1615 conpages

84 1627 198 1660 φηςιν-9.
225 1620 370 1650 uetusta
395 1627 439 1651 m.
471 1616 507 1649 P
527 1618 532 1658 Ι
555 1615 691 1660 styrpis
718 1616 777 1660 ΡΙ
807 1616 1007 1652 adobtiuae
1040 1616 1074 1651 V
1093 1619 1098 1661 Ι
1119 1627 1234 1661 apage
1265 1617 1298 1650 T
1390 1621 1435 1653 20

83 1662 232 1697 nomine
260 1663 334 1697 PT
405 1666 448 1697 21
477 1664 586 1698 datur
613 1666 643 1707 (r
669 1664 715 1697 al.
742 1664 783 1698 in
808 1666 896 1707 ras.)
930 1664 962 1698 V
1040 1668 1083 1698 22
1112 1664 1193 1698 dira
1219 1665 1278 1706 ΡΙ
1306 1675 1435 1708 passus

84 1721 128 1744 ea:
153 1721 263 1754 pasus
290 1711 412 1745 statim
438 1721 528 1745 corr.
556 1711 616 1752 ΡΙ
645 1710 783 1745 ludibri
809 1711 868 1754 ΡΙ
898 1711 964 1745 leti
998 1711 1030 1744 V
1036 1711 1045 1729 ¹
1071 1711 1138 1758 leti
1171 1710 1219 1745 V2
1244 1710 1335 1745 laeti
1362 1712 1438 1746 PZ

81 1757 173 1791 loeti
194 1758 224 1792 G
295 1761 339 1791 23
366 1756 450 1801 ister
471 1758 504 1791 V
522 1758 560 1792 et
579 1758 615 1792 P
633 1759 638 1801 Ι
661 1758 862 1792 remeauile
885 1757 941 1800 Vl
964 1758 1043 1792 uita
1063 1759 1099 1793 P
1168 1762 1213 1793 24
1234 1758 1352 1793 solum
1373 1759 1409 1793 P
1427 1762 1430 1804 3

81 1805 163 1839 toto
189 1805 230 1839 in
255 1815 327 1839 ras,
360 1804 395 1838 V
464 1808 508 1838 25
534 1805 654 1839 intrae
682 1805 727 1839 C1
750 1804 754 1850 Ι
779 1805 939 1849 sepulcri
964 1805 1046 1850 (leri
1072 1807 1113 1840 i‘n
1137 1807 1225 1850 raS.)
1258 1805 1293 1840 V
1314 1805 1435 1851 sepul-

81 1874 161 1909 chri
187 1875 298 1909 PCZ
395 1879 438 1910 26
473 1860 672 1910 ατοὴαηὶἶυ]
701 1875 730 1910 C
756 1877 761 1920 Ι
793 1872 957 1919 ΙΞΠᾳΠΕΥῗ
985 1876 1014 1910 C
1116 1880 1159 1910 27
1192 1876 1250 1911 hic
1281 1877 1435 1922 aliisque

83 1922 188 1965 locis,
220 1925 261 1957 ut
287 1925 353 1965 31,
385 1934 502 1957 nouae
536 1923 734 1957 sententiae
765 1923 914 1957 initium
947 1924 1116 1967 adposita
1146 1924 1188 1957 in
1212 1924 1376 1968 margine
1401 1924 1433 1958 K

85 1970 207 2004 littera
233 1970 423 2004 indicatur
447 1971 505 2004 uel
530 1971 649 2010 nuda,
676 1971 733 2005 uel
759 1971 888 2004 addita
916 1972 950 2004 Γ
972 1974 1076 2013 ozota,
1108 1981 1198 2014 quae
1224 1971 1331 2005 etiam
1356 1972 1434 2006 sola

75 2017 299 2061 praefiqitur
325 2020 372 2050 37
398 2020 444 2051 43
470 2020 516 2052 49
545 2020 592 2052 53
627 2017 660 2050 V
742 2017 847 2051 Nihil
874 2017 909 2051 P
990 2020 1034 2052 30
1060 2017 1232 2063 precibus
1260 2018 1319 2062 ΡΙ
1341 2017 1433 2053 haec

80 2074 146 2098 om.
174 2063 210 2098 P
242 2066 246 2107 Ι
282 2063 384 2098 defer
414 2064 446 2097 T
478 2064 483 2107 Ι
518 2065 558 2098 at
591 2064 638 2097 V¹
736 2068 778 2098 31
808 2066 933 2099 eontra
961 2064 990 2098 G
1084 2067 1127 2098 32
1159 2075 1230 2108 que
1262 2075 1327 2100 om.
1356 2066 1392 2099 P
1426 2067 1429 2111 Ι

80 2121 195 2145 neuas
224 2110 266 2145 0¹
299 2111 439 2154 nephas
470 2111 502 2144 T
529 2113 532 2154 Ι
569 2112 695 2145 aueste
724 2110 767 2145 01
797 2113 801 2154 Ι
831 2111 1086 2146 auertereueni
1112 2111 1148 2144 P
1241 2115 1284 2146 33
1310 2112 1434 2157 prodi-

80 2157 136 2192 dit
163 2156 233 2192 ΟΖ
262 2157 393 2205 &didit
418 2158 455 2192 P
482 2157 646 2202 perdidit
673 2158 705 2191 V
731 2160 734 2202 Ι
770 2163 921 2193 aeuvam
953 2158 986 2192 V
1015 2169 1147 2193 aenam
1176 2157 1290 2193 OTG
1326 2170 1433 2194 enam

83 2205 120 2239 P
216 2208 260 2239 34
296 2205 481 2239 adiuncsit
522 2205 554 2239 V
595 2205 725 2240 infecit
759 2204 789 2239 C
827 2207 830 2249 Ι
872 2217 954 2252 sera
988 2205 1018 2239 Ο
1065 2205 1143 2239 serzi¹
1180 2205 1213 2239 T
1259 2216 1431 2250 separare

82 2253 211 2297 potum
242 2252 278 2286 P
307 2254 497 2296 nepotvm:
525 2264 548 2286 v
574 2264 617 2287 ecc
643 2264 664 2286 a
684 2264 742 2296 pr.
774 2252 806 2286 T
896 2258 939 2287 35
969 2253 1147 2287 ueredicis
1175 2253 1211 2287 P
1240 2254 1244 2298 Ι
1280 2254 1369 2288 olim
1403 2253 1437 2287 V

87 2301 167 2334 etas
195 2300 230 2334 P
263 2301 365 2334 aetas
394 2300 464 2334 ΟΖ
493 2301 498 2344 Ι
532 2299 686 2346 profetis
722 2300 753 2333 V
849 2304 891 2334 36
919 2299 1034 2334 leofer
1060 2300 1096 2334 P
1130 2300 1277 2335 loetifer
1306 2300 1336 2335 0
1370 2300 1433 2334 lae-
