1563 2511
633 101 895 130 ——X—

186 195 280 238 Hoc
313 198 455 237 autem
489 195 541 236 ad
567 195 786 250 exemplar
812 209 959 237 omnes
992 196 1203 249 quotquot
1230 194 1439 235 habemus

97 256 230 297 libros
263 254 536 296 Ausonianos
568 254 705 296 redire
735 253 842 295 mihi
875 253 1044 308 quidem
1075 267 1328 308 persuasum
1361 255 1439 294 est.

98 329 279 369 quorum
313 313 417 355 duas
448 313 571 355 uideo
604 312 863 368 principales
890 327 982 354 esse
1009 312 1180 365 classes,
1213 312 1394 353 alteram
1419 310 1440 352 Ι

98 374 481 415 decurtatorum
509 387 534 414 a
558 371 681 425 fine,
714 372 783 413 uel
815 385 972 424 eorum,
1004 371 1076 425 qui
1109 370 1226 412 ducti
1259 373 1357 411 sunt
1389 383 1439 411 ex

98 432 398 486 antiquissimo
439 432 513 473 illo
555 430 716 484 codice,
757 430 825 472 cui
866 429 1032 484 abrepti
1072 430 1257 471 fuissent
1297 428 1440 470 ultimi

99 491 414 545 quaterniones,
452 490 496 531 in
529 489 682 544 quibus
714 489 916 544 pleraque
949 487 1054 544 (non
1087 487 1294 542 omniass),
1332 501 1439 542 quae

97 552 197 603 post
223 550 403 590 alteram
431 548 663 591 editionem
686 550 966 601 accesserant,
992 562 1088 589 cum
1109 549 1230 601 parte
1250 546 1440 600 priorum

96 608 374 664 legebantur,
407 608 587 649 alteram
619 607 662 648 Π
695 621 853 660 eorum,
885 606 958 660 qui
989 606 1212 648 deriuati
1245 608 1346 646 sunt
1383 618 1440 646 ex

96 667 226 721 ipsis
271 667 351 707 his
395 666 596 707 ultimis
642 665 1091 720 quaternionibus,
1136 664 1290 719 quibus
1340 678 1440 705 mox

98 725 324 766 adiunctae
352 728 450 766 sunt
480 725 661 766 laciniae
694 723 850 766 codicis
885 724 1060 765 alicuius
1095 723 1206 765 carie
1234 736 1281 764 ac
1311 722 1439 763 tineis

98 784 235 837 adesi,
267 784 411 825 nescio
445 798 499 825 an
531 783 737 837 eiusdem,
769 783 887 824 cuius
920 783 1004 836 ipsi
1036 783 1141 824 olim
1172 782 1357 823 fuerant.

187 842 417 896 Vtriusque
457 845 601 883 autem
639 842 789 883 classis
824 841 974 891 libros,
1013 856 1063 882 ex
1096 841 1250 895 quibus
1283 840 1440 894 plenis-

99 902 195 942 simi
234 905 334 942 sunt
375 901 474 942 hinc
508 900 764 953 Vossianus,
802 900 922 941 illinc
959 900 1173 952 Tilianus‚
1211 899 1264 940 ab
1298 898 1439 940 arche-

96 960 214 1013 typis
260 960 347 1001 suis
391 974 466 1013 per
511 960 778 1001 saeculorum
820 973 991 1000 cursum
1035 958 1180 999 multis
1222 958 1328 999 locis
1371 957 1441 998 de-

98 1018 276 1059 sciuisse
308 1018 409 1072 quid
441 1017 624 1059 mirum‘?
675 1032 775 1059 nam
815 1019 857 1058 et
889 1017 1077 1058 omissa
1110 1018 1209 1058 sunt
1240 1016 1441 1069 carmina,

96 1080 143 1117 ut
168 1076 213 1117 in
242 1076 502 1118 Vossiano
529 1076 761 1118 Theodosii
788 1076 984 1130 epistula,
1016 1076 1145 1130 primi
1172 1089 1322 1116 uersus
1349 1089 1438 1116 car-

98 1135 225 1176 minis
253 1136 363 1190 quod
390 1136 648 1190 sequebatur
673 1134 931 1187 Hesiodion,
958 1134 1007 1175 de
1035 1134 1252 1175 mensibus
1280 1134 1441 1187 ecloga,

97 1209 225 1248 quam
262 1209 397 1248 paene
436 1194 572 1235 solam
604 1208 654 1234 ex
695 1194 852 1248 eclogis
886 1193 1078 1234 seruauit
1110 1193 1244 1234 altera
1276 1192 1439 1244 classis,

97 1251 330 1295 Caesarum
362 1253 457 1294 finis
491 1251 608 1307 (nam
642 1253 695 1293 ab
728 1253 822 1306 ipso
856 1251 1051 1293 Ausonio
1085 1252 1178 1305 quis
1213 1251 1356 1292 credat
1387 1264 1440 1291 ne

95 1312 396 1353 tetrastichum
429 1311 598 1365 quidem
624 1311 824 1352 ultimum
852 1325 943 1351 esse
970 1308 1277 1363 absolutum‘P),
1310 1323 1438 1363 porro

96 1369 265 1411 Paulini
285 1385 433 1412 uersus
447 1370 526 1424 Ep.
540 1369 660 1410 XXX
681 1385 748 1411 uu.
762 1370 950 1423 49—68,
972 1384 1141 1410 carmen
1163 1369 1212 1409 de
1234 1368 1442 1423 ambigui-

96 1431 186 1470 tate
215 1429 327 1470 uitae
361 1444 429 1470 uu.
466 1429 653 1483 18—23‚
686 1428 772 1470 alia
804 1431 846 1469 et
876 1428 1059 1470 Ausonii
1086 1431 1127 1469 et
1152 1427 1323 1469 Paulini
1355 1441 1441 1468 car-

97 1487 224 1541 mina,
246 1502 354 1542 quae
374 1489 419 1528 in
434 1487 711 1542 Lugdunensi
732 1487 887 1537 codice,
908 1486 1112 1528 Vossiani
1132 1486 1204 1541 qui
1223 1485 1366 1528 nescio
1388 1500 1443 1527 an

95 1546 227 1587 fuerit
259 1550 390 1600 pater,
422 1549 523 1601 post
549 1561 578 1588 s.
606 1545 691 1588 VII
717 1546 902 1587 medium
935 1548 1082 1587 auctor
1113 1546 1186 1586 ille
1219 1545 1268 1586 de
1302 1545 1440 1586 dubiis

96 1605 344 1647 nominibus
370 1606 535 1660 legerat
561 1604 663 1660 (uid.
687 1603 932 1660 Ueberl.ss*)
959 1620 998 1659 p.
1019 1605 1103 1646 269
1126 1602 1225 1660 sq.);
1250 1603 1296 1644 in
1316 1603 1442 1645 Tili-

97 1678 189 1705 ano
219 1663 414 1705 Bissulae
441 1665 640 1718 pleraque
674 1662 792 1720 (nam
819 1665 923 1718 quin
952 1678 1001 1705 ea
1032 1663 1203 1718 integra
1229 1677 1316 1705 non
1342 1663 1442 1716 sint,

96 1722 168 1763 uix
201 1723 427 1777 quisquam
460 1723 692 1776 dubitabit,
731 1723 803 1776 qui
838 1722 1032 1764 morandi
1064 1737 1214 1764 causas
1247 1736 1440 1777 quaeque

95 1780 187 1835 ipse
232 1782 450 1823 Ausonius
496 1782 549 1822 ad
592 1781 772 1823 Paulum
818 1781 868 1822 de
908 1782 967 1823 eis
1010 1782 1202 1835 scripsit,
1247 1784 1441 1822 accurate

97 1840 409 1896 perpenderit);
455 1841 540 1881 alia
584 1840 762 1882 addita
803 1843 920 1893 sunt,
972 1841 1007 1881 si
1056 1840 1175 1882 audis
1227 1839 1300 1894 qui
1347 1839 1442 1881 rho-

96 1899 259 1952 palicos
292 1899 400 1941 istos
433 1914 580 1941 uersus
613 1900 665 1940 ab
698 1899 891 1940 Ausonio
927 1899 1090 1940 alienos
1123 1901 1317 1952 censent,
1350 1898 1442 1953 qui-

97 1957 175 1999 bus
215 1972 322 2012 quae
361 1972 577 2013 opponam
615 1972 751 2011 pauca
789 1958 926 1999 habeo
966 1960 1008 1999 et
1041 1958 1216 2011 debilia3
1261 1957 1442 2011 denique

96 2015 189 2070 ipsa
209 2017 341 2058 uerba
362 2018 591 2059 sescenties
612 2019 711 2058 sunt
732 2017 800 2058 uel
821 2019 1023 2071 corrupta
1045 2017 1110 2057 uel
1131 2017 1242 2058 male
1263 2018 1440 2057 mutata.

184 2074 245 2116 At
285 2075 534 2129 quotidiana
563 2076 667 2117 haec
705 2077 805 2116 sunt
844 2080 885 2116 et
925 2076 1140 2130 uulgaria3
1175 2075 1307 2117 aliam
1339 2074 1442 2116 fecit

212 2178 246 2223 ³²)
273 2191 358 2214 nam
374 2191 462 2233 ‘non
488 2180 644 2224 abrepta
669 2181 726 2214 est
751 2180 912 2224 epistula
943 2180 991 2215 ad
1024 2179 1152 2225 filium,
1185 2190 1296 2223 quam
1328 2178 1439 2214 modo

96 2236 476 2262 commemorammus.

191 2272 246 2317 **)
273 2273 452 2318 RPeiper‚
473 2273 540 2308 Die
560 2273 891 2308 handschriftliche
910 2273 1218 2318 Ueberlieferung
1239 2273 1303 2307 des
1323 2273 1441 2307 Auso·

97 2320 178 2356 nius
189 2320 331 2365 (Jahrb.
347 2320 371 2354 f.
388 2321 492 2356 class.
508 2319 729 2365 Philologie,
747 2320 873 2366 Suppl,
890 2321 939 2355 XI
957 2323 1156 2366 191—353)
1171 2320 1321 2366 Leipzig
1336 2322 1437 2355 1879.
