1563 2511
639 35 954 76 2—312—

120 141 294 183 Miscuit
327 140 494 196 argenti
526 140 673 182 letalia
703 140 893 195 pondera
925 140 1033 195 uiui,

181 199 367 255 Cogeret
400 202 447 240 ut
480 199 659 240 celerem
691 199 756 240 uis
791 199 1012 254 geminata
1043 213 1202 240 necem.

120 258 301 300 Diuidat
333 262 434 299 haec
469 258 504 300 si
537 259 648 313 quis,
679 257 842 299 faciunt
874 258 1057 299 discreta
1089 272 1323 313 uenenum3
1443 268 1463 299 5

182 317 438 359 Antidotum
471 319 629 372 sumet,
663 317 733 371 qui
767 316 932 358 sociata
963 317 1092 359 bibet.

121 376 238 430 Ergo
272 376 384 417 inter
417 390 509 417 sese
542 376 642 417 dum
674 376 803 418 noxia
835 376 989 430 pocula
1021 379 1207 429 certant,

182 433 322 476 Cessit
353 434 493 476 letalis
525 449 637 476 noxa
670 434 930 477 salutiferae.

121 493 325 535 Protinus
359 495 401 534 et
432 507 592 535 uacuos
626 493 711 534 alui
743 494 903 548 petiere
936 507 1144 543 recessus,

181 552 364 594 Lubrica
397 551 571 593 deiectis
605 566 689 607 qua
720 552 792 593 uia
823 554 926 594 nota
959 552 1076 594 cibis.
1424 563 1466 594 10

123 610 259 660 Quam
292 611 364 665 pia
396 625 497 652 cura
529 610 669 652 deum!
703 611 877 665 prodest
910 611 1118 653 crudelior
1150 626 1273 652 uxor:

180 668 255 724 Et,
289 684 384 711 cum
416 669 508 711 fata
538 669 710 724 uolunt,
744 669 845 710 bina
876 684 1040 711 uenena
1072 670 1231 711 iuuant.

51 844 119 869 1111
141 845 255 875 [Lxxvj
497 831 547 866 IN
576 830 827 866 EVNOMVM
853 830 1090 866 MEDICVM.

123 914 420 970 Languentem
454 915 608 957 Gaium
643 915 899 958 moriturum
932 915 1099 957 dixerat
1132 916 1233 958 olim

181 974 417 1016 Eunomus.
469 975 609 1016 euasit
640 974 721 1016 fati
754 988 853 1029 ope,
884 989 973 1016 non
1006 974 1168 1016 medici.

122 1033 254 1074 Paulo
287 1036 387 1087 post
417 1033 558 1087 ipsum
590 1033 725 1088 uidet,
759 1036 833 1074 aut
865 1034 1025 1075 uidisse
1056 1034 1248 1089 putauit,

181 1091 422 1133 Pallentem
455 1094 497 1133 et
528 1093 665 1133 multa
697 1092 850 1134 mortis
881 1092 926 1134 in
958 1092 1113 1147 effigie.

124 1149 243 1199 ‘Quis
265 1150 356 1192 tu‘?³
390 1150 600 1205 “Gaius’'‚
620 1151 692 1192 ait.
725 1150 951 1192 ‘uiuisneP’
977 1151 1047 1192 hic
1063 1152 1225 1193 abnuit.
1252 1151 1424 1206 ‘etquid
1451 1162 1470 1193 5

182 1209 309 1251 Nunc
343 1209 436 1265 agis
469 1208 583 1252 hic‘P’
617 1209 783 1251 “missu
815 1209 947 1264 Ditis,
980 1211 1061 1264 ait,
1094 1211 1240 1263 uenio,

123 1268 200 1319 Vt,
234 1268 333 1323 quia
363 1268 563 1310 notitiam
594 1283 821 1323 rerumque
853 1268 1162 1323 hominumque
1195 1272 1407 1324 tenerem,

183 1326 381 1369 Accirem
413 1327 645 1369 medicos.''
694 1326 918 1370 Eunomus
951 1328 1152 1382 obriguit.

126 1385 235 1427 Tum
257 1385 407 1428 Gaius:
435 1385 634 1428 “Metuas
655 1386 776 1439 nihil,
794 1386 1002 1428 Eunome.
1042 1386 1129 1428 dixi
1150 1400 1228 1442 ego
1251 1390 1293 1428 et
1314 1401 1474 1441 omnes,

183 1443 379 1499 Nullum,
412 1446 483 1499 qui
518 1448 705 1500 saperet,
741 1445 880 1487 dicere
911 1448 953 1486 te
985 1444 1241 1487 medicum.''
1431 1457 1472 1488 10

220 1590 239 1620 3
266 1585 407 1620 laetalia
435 1584 506 1620 ΤΘ
579 1588 599 1619 5
626 1585 719 1630 haec
746 1584 780 1618 V
851 1589 870 1619 6
898 1584 1010 1619 sumit
1033 1585 1066 1619 T
1088 1587 1210 1619 sumet
1234 1585 1305 1629 Ml
1328 1585 1423 1620 bibit
1446 1586 1479 1620 T

174 1635 193 1667 8
221 1633 368 1679 laetalis
402 1632 437 1667 V
458 1631 629 1667 mortalis
658 1631 714 1677 ΤΙ
743 1631 853 1666 noxia
878 1631 952 1676 Mp
975 1631 980 1676 Ι
1009 1631 1223 1679 salutiferae²
1259 1632 1293 1667 V
1363 1636 1383 1667 9
1410 1632 1475 1668 alii

128 1679 185 1723 ΤΙ
208 1691 389 1715 recessus:
416 1692 433 1714 r
459 1680 527 1715 litt.
555 1690 571 1712 s
597 1679 728 1714 similis
762 1678 795 1713 V
892 1682 934 1713 10
961 1678 1131 1714 deiectis:
1159 1680 1182 1714 d
1210 1690 1253 1714 ea:
1279 1681 1340 1714 et?
1373 1679 1407 1714 V

27 1739 103 1773 VZ
222 1737 290 1772 ΗΠ
328 1738 381 1773 tit.
409 1748 474 1773 om.
505 1737 538 1771 T
572 1737 675 1772 Idem
700 1737 750 1772 M
781 1736 835 1771 De
861 1736 1029 1772 Eunomo
1063 1737 1125 1781 qui
1151 1737 1296 1772 dixerat
1321 1749 1474 1784 aegrum

126 1785 310 1829 quendam
335 1785 557 1821 moriturum
579 1785 613 1821 G
635 1787 640 1829 Ι
663 1784 712 1829 (Α
734 1801 777 1814 =
799 1784 908 1820 codex
934 1785 974 1819 in
1000 1784 1120 1820 eadem
1146 1785 1357 1821 bibliotheca
1375 1785 1474 1821 Ara-

126 1834 179 1867 ris
211 1833 353 1867 insulae
384 1834 557 1867 inuentus
588 1843 612 1867 a
638 1832 884 1875 Scmnazario)
984 1836 1000 1865 1
1035 1831 1291 1876 languentem:
1330 1832 1394 1867 lan
1426 1834 1473 1868 αἶ.

127 1879 153 1923 (1
181 1879 220 1913 in
245 1881 346 1923 ras),
371 1891 407 1914 m
434 1880 480 1914 αἳ.
509 1879 556 1914 V⁵³
580 1880 822 1925 languentum
852 1878 884 1912 Τ
980 1882 999 1912 2
1026 1878 1169 1924 gaium]
1197 1890 1216 1914 e
1242 1879 1380 1924 populo
1409 1881 1442 1914 Z
1469 1880 1473 1926 Ι

128 1926 233 1972 olim]
260 1936 389 1971 egrum
416 1927 451 1960 Z
531 1930 551 1960 3
579 1928 643 1961 aut
670 1926 715 1961 V¹
742 1926 829 1961 haut
855 1927 950 1969 (cum
974 1937 1110 1961 rasura
1135 1937 1243 1971 super
1269 1927 1306 1971 h)
1337 1926 1385 1961 V²
1409 1928 1474 1962 sub

126 1983 236 2008 uersu
261 1973 353 2008 haut
378 1975 552 2018 repetitur
576 1985 631 2018 pr.
658 1985 702 2008 m.
738 1973 772 2007 V
866 1975 886 2006 5
913 1974 966 2007 ais
993 1973 1098 2008 uisne
1128 1973 1183 2019 Τ]
1206 1973 1284 2020 hic]
1310 1974 1380 2009 hoc
1408 1975 1442 2008 Z
1468 1975 1471 2020 Ι

127 2020 258 2055 annuit
283 2021 332 2055 M
350 2022 354 2064 Ι
377 2021 415 2055 et
441 2021 529 2065 quid
555 2031 621 2056 om.
645 2020 731 2055 TM
755 2022 791 2064 (†
818 2031 930 2066 mam.
955 2020 986 2053 T
988 2022 999 2064 )
1027 2022 1065 2055 at
1091 2019 1180 2064 quid
1207 2021 1241 2055 G
1314 2025 1334 2055 6
1360 2022 1473 2066 nunc]

126 2067 199 2102 huc
223 2068 256 2102 T
278 2068 377 2102 hunc
397 2067 430 2103 G
453 2071 456 2111 Ι
479 2068 605 2114 missu]
634 2068 735 2103 iussu
758 2067 829 2102 TG
904 2071 923 2102 7
950 2069 991 2102 ut
1016 2067 1121 2114 quia]
1148 2068 1255 2112 utqui
1274 2069 1309 2102 Α
1336 2068 1420 2114 utq3
1444 2069 1476 2102 Τ

126 2116 282 2159 uterque
309 2115 358 2149 M
375 2115 379 2160 Ι
402 2115 616 2161 rerumque]
643 2126 713 2159 que
740 2125 804 2149 om.
825 2115 873 2148 M
894 2116 899 2159 Ι
922 2126 1032 2160 marg.
1060 2118 1083 2157 †
1108 2115 1141 2149 T
1212 2119 1232 2150 8
1258 2114 1419 2150 adcirem
1439 2116 1475 2151 A

128 2162 334 2208 acciperem
356 2162 391 2196 Z
409 2164 414 2207 Ι
437 2162 618 2198 medicos:
640 2163 663 2197 d
683 2172 726 2197 ea:
745 2162 784 2196 t?
810 2161 842 2196 V
914 2164 933 2196 9
961 2163 1061 2196 caius
1085 2161 1117 2195 Τ
1137 2163 1142 2205 Ι
1164 2162 1256 2208 dixi]
1284 2162 1366 2197 dico
1382 2162 1475 2197 AV²

130 2220 206 2255 dixi
238 2222 295 2257 uel
327 2220 421 2256 dixit
454 2221 500 2256 V¹
600 2224 643 2255 10
668 2210 788 2255 nullii‘³
819 2222 850 2264 (s
878 2220 923 2255 al.
951 2221 1012 2264 ss.)
1047 2220 1080 2254 V
1117 2220 1122 2265 Ι
1162 2221 1244 2263 quis
1270 2223 1419 2266 asperet
1445 2221 1478 2255 Τ

130 2268 210 2312 quis
238 2270 425 2314 aspertum
451 2268 501 2304 M
524 2269 528 2313 Ι
563 2268 700 2312 dicere]
728 2267 828 2303 dicet
855 2268 903 2302 M
