1563 2511
597 90 643 95 -
710 78 843 108 XVIIII
911 91 958 96 --

104 174 262 225 noster,
293 170 553 225 singularem
580 185 754 224 operam
782 171 853 225 qui
878 171 922 212 in
948 186 996 213 eo
1019 172 1214 214 conlocet
1233 172 1445 226 optandus

103 233 181 280 est,
207 232 255 271 ut
280 229 520 270 accuratius
548 229 844 270 discernantur
869 230 1024 271 horum
1052 233 1339 272 correctorum
1360 246 1445 271 ma-

100 304 198 342 nus,
242 303 293 330 ex
337 288 491 342 quibus
535 288 607 342 qui
651 290 751 329 sunt
794 290 933 329 aetate
971 289 1136 342 priores
1174 303 1262 331 non
1300 293 1446 331 carent

102 347 370 389 auctoritate.

188 405 287 447 Non
338 404 500 459 placuit
543 404 668 445 huius
712 405 832 459 libri,
876 405 946 459 qui
985 405 1093 446 alios
1133 420 1279 447 omnes
1318 407 1444 460 longe

101 467 274 519 superat
300 463 567 518 auctoritate,
592 478 644 504 ne
672 478 742 504 eas
771 463 940 517 quidem
960 464 1003 504 in
1025 463 1302 505 adnotatione
1327 479 1445 518 prae-

99 524 337 564 termittere
376 523 627 576 scripturas,
673 536 782 577 quae
824 522 876 563 ad
916 522 1270 577 orthographiam
1310 523 1445 564 solam

101 585 314 636 spectant,
365 581 617 635 praesertim
661 595 755 622 cum
802 581 963 622 omissa
1006 581 1206 622 uiliorum
1251 581 1444 623 codicum

99 641 237 691 turba,
271 655 450 694 quorum
481 640 599 681 nulla
631 642 724 680 erat
755 641 800 680 in
822 640 973 681 'uerbis
1006 643 1157 694 poetae
1185 640 1444 681 constituen-

101 699 165 740 dis
199 699 444 752 auctoritas,
477 699 581 740 satis
616 698 788 739 daretur
821 699 961 752 spatii.
1012 700 1275 753 quapropter
1299 699 1369 740 hic
1396 698 1445 739 de

99 757 413 812 orthographia
439 757 646 798 disserere
668 757 936 811 supersedeo,
964 758 1014 798 de
1035 772 1117 812 qua
1138 760 1264 798 antea
1284 757 1444 798 dictum

99 820 165 858 est
197 818 300 858 satis
332 818 432 870 post
457 815 747 857 LMuellerum
779 816 882 869 (uid.
902 816 1169 865 Fleckeiseni
1195 816 1307 858 Ann.
1332 816 1444 858 1866

97 891 136 930 p.
169 873 274 931 394)
326 890 350 916 a
399 889 464 915 me
511 873 702 930 (Ueberl.
746 891 784 928 p.
818 875 902 916 259
931 875 1040 929 sqq.)
1093 877 1135 916 et
1187 874 1443 916 Schenkelio

99 934 157 989 (p.
183 933 333 975 XXIII
358 937 444 974 not.
466 931 584 988 222).
635 934 872 987 conpendia
898 948 998 975 uero
1024 934 1277 988 litterasque
1305 949 1328 974 v
1356 935 1399 974 et
1427 949 1445 974 s

99 1008 124 1033 a
155 993 331 1034 librario
365 992 430 1033 sui
463 992 622 1033 saeculi
652 1007 769 1033 more
796 993 1109 1046 superscriptos
1137 990 1276 1048 (uelut
1301 990 1443 1046 cavtvs)

99 1065 434 1093 commemorare
471 1065 556 1092 11011
590 1066 696 1104 opus
730 1065 821 1092 esse
854 1052 970 1106 duxi,
1009 1066 1061 1092 ne
1094 1066 1142 1092 eo
1176 1051 1345 1105 quidem
1379 1065 1445 1092 ex-

98 1114 220 1164 cepto
254 1110 502 1163 conpendio,
535 1110 648 1164 quod
680 1111 840 1163 passim
873 1113 915 1150 et
937 1123 1018 1162 pro
1052 1112 1094 1151 et
1120 1124 1196 1162 per
1227 1109 1444 1163 praeposi-

96 1169 259 1210 tionem
299 1168 513 1223 significat
549 1183 581 1229 p
622 1166 740 1222 (nam
780 1183 807 1222 p
848 1168 1017 1210 demum
1057 1183 1081 1209 a
1118 1168 1191 1210 fol.
1218 1169 1273 1209 26
1312 1169 1390 1210 001.
1417 1169 1444 1209 2

97 1228 204 1270 med.
236 1229 469 1281 usurpatur
501 1227 554 1268 ab
580 1225 791 1283 librario).
847 1241 981 1282 neque
1008 1230 1188 1281 quartae
1214 1227 1329 1268 illius
1356 1242 1442 1268 ma-

96 1301 174 1328 nus
219 1288 486 1327 correcturas
519 1285 895 1340 orthographicas,
936 1300 1044 1340 quae
1076 1286 1235 1327 nullius
1267 1300 1442 1340 prorsus

98 1348 197 1386 sunt
228 1345 446 1395 momenti,
479 1344 734 1386 curauimus.

186 1403 383 1446 Ceterum
425 1403 575 1445 folium
611 1404 681 1444 11¹
719 1403 1058 1458 photographiae
1098 1417 1176 1456 ope
1213 1402 1442 1457 depictum,

98 1463 211 1516 quod
245 1463 463 1517 egregium
493 1465 792 1503 ornamentum
819 1465 884 1503 est
910 1462 1108 1503 editionis
1136 1461 1443 1515 Berolinensis‚

97 1522 233 1562 multa
260 1520 500 1575 explicabit,
527 1535 635 1575 quae
661 1521 802 1562 uerbis
827 1535 912 1562 non
934 1521 1037 1562 satis
1059 1520 1241 1562 dilucide
1261 1523 1443 1574 possunt

90 1594 265 1634 exponi.
724 1617 732 1630 2

216 1637 325 1687 Quid
357 1639 403 1679 in
430 1638 608 1692 singulis
634 1638 804 1693 paginis
831 1638 1035 1680 Vossiani
1062 1638 1118 1679 sit
1143 1637 1442 1692 perscriptum,

99 1701 296 1739 accurate
329 1697 521 1738 indicant
553 1712 660 1751 quae
694 1701 894 1738 secuntur
925 1697 1134 1751 pagellae.

95 1839 124 1878 f.
151 1840 169 1870 1
307 1829 517 1877 †AB}11NO
545 1802 943 1871 AUSONICIWUSCVLO«

379 1918 546 1941 AUSONIUS
573 1920 718 1940 LECTORI
744 1910 871 1941 SALVTi:

380 1953 565 1987 Ausonius
591 1953 738 1998 genitor
761 1954 867 1989 nobis
894 1965 963 1997 ego
988 1957 1072 1988 nn—le
1099 1952 1228 1988 eodem

171 2001 233 2035 col.
260 2002 284 2034 2
379 1999 473 2034 Dum
500 2000 593 2034 nulli
619 2000 730 2035 fuerit
756 2000 958 2046 discipulus
984 2001 1116 2036 melior

245 2058 279 2080 u.
309 2049 354 2080 12
379 2058 546 2082 Avsomus
574 2059 722 2082 smomo

246 2105 280 2128 ιι.
310 2097 355 2128 17
379 2107 548 2129 TEUDOSIO
573 2097 596 2128 K
625 2095 803 2130 atsomcs'

96 2199 295 2234 HSchenkl
317 2203 418 2242 1875,
445 2199 739 2235 AemBaehrens
762 2204 863 2244 1876,
890 2201 1088 2236 MMertens
1112 2205 1213 2244 1879,
1240 2200 1438 2235 HSchenkl

96 2246 232 2281 iterum
265 2249 371 2290 1881,
405 2257 473 2291 ego
505 2247 639 2281 iterum
670 2250 775 2289 1884;
811 2248 847 2281 et
879 2248 1030 2282 Holderi
1064 2248 1274 2283 conlatione
1302 2247 1438 2282 Schen—

97 2294 215 2328 kelius
242 2306 328 2329 usus
355 2296 422 2337 est,
448 2293 539 2328 mihi
567 2305 669 2328 suam
697 2295 879 2329 concessit
903 2295 1128 2330 HJMueller.

1107 2353 1157 2387 b*
