1563 2511
565 25 614 30 —
679 12 812 42 LXXII
879 25 926 30 —

73 108 155 148 mis
196 106 311 149 foliis
350 106 644 161 quaternionis
683 107 755 162 qui
795 107 1055 162 sequebatur
1094 108 1280 150 exscissa
1313 111 1422 150 sunt.

73 166 118 208 in
157 167 312 221 quibus
351 168 453 220 post
484 165 673 208 Ennodii
710 166 866 207 ultima
897 166 1080 208 Ausonii
1110 166 1294 209 Mosella
1327 182 1420 209 cum

75 223 324 290 Symgnachi
369 225 554 279 epistula
599 225 760 279 scripta
802 225 993 280 fuerunt,
1039 226 1150 280 quod
1190 226 1423 268 ostendunt

73 284 337 339 apographa,
371 298 480 338 quae
512 284 626 325 infra
657 284 985 326 recensebimus.

160 354 189 396 f.
220 355 451 396 117—118
497 354 684 397 Ausonii
728 353 934 397 Caesares
973 355 1021 396 .i.
1066 355 1335 397 monosticha
1378 358 1423 398 et

71 413 357 455 tetrastichon
377 429 417 456 u.
435 414 587 456 1—80.
622 412 692 469 (de
714 414 868 468 quibus
889 414 973 456 uid.
995 429 1122 469 supra
1135 430 1176 469 p.
1191 413 1317 456 LIIlI
1326 412 1422 471 BP)

159 484 187 526 f.
215 484 445 525 119—121
481 498 627 525 uacua.

159 554 188 597 f.
218 555 355 596 122-
367 555 449 596 142
476 554 661 596 Ausonii
688 554 913 608 opuscula:
952 560 1082 605 „Quod
1109 563 1340 607 compertum
1366 564 1423 597 est

70 631 115 654 ex
140 619 235 655 libro
262 620 392 666 Magni
411 619 566 655 Ausonii
591 621 700 665 poete
721 616 921 663 sequitur“.
962 616 1090 668 atque
1115 614 1143 656 f.
1168 615 1246 656 141
1275 615 1422 657 finitur

70 671 421 727 Technopaegnii
446 688 485 714 u.
509 673 590 714 107
615 671 712 727 (XII,
735 670 787 728 7),
812 673 1123 714 interciderunt
1146 676 1286 715 cetera
1313 688 1421 728 quae

69 731 114 773 in
145 732 189 773 Z
215 732 436 787 leguntur3
474 746 606 772 unum
638 731 801 773 restitit
831 732 1031 773 ultimum
1064 732 1215 774 folium
1247 733 1343 788 142,
1377 733 1422 774 in

70 805 153 845 quo
179 791 362 832 habetur
382 790 557 832 Bissula
584 791 744 832 omisso
770 793 917 831 tamen
936 791 1089 833 ultimo
1110 791 1422 846 epigrammate

70 847 152 905 (VI,
179 848 277 905 331).
334 850 456 891 142u:
501 853 579 897 „De
611 853 682 889 hoc
714 864 825 898 opere
858 855 1031 898 corrupto
1062 855 1104 889 ut
1135 854 1336 898 plurimum
1368 854 1422 890 nil

68 906 224 941 ulterius
251 907 371 952 reperi
397 905 557 951 (repperi
582 906 660 950 m.²)
688 906 726 940 et
750 905 834 941 ideo
859 906 1091 951 explicit.“*)

159 955 305 998 Verba
338 955 503 997 Graeca
534 956 580 996 in
613 955 674 996 M
697 955 899 1010 leguntur
932 956 1094 1010 omnia3
1137 956 1255 998 deest
1288 957 1422 1013 epigr.

69 1014 123 1056 91
154 1012 262 1071 (So).
312 1015 439 1056 huius
479 1014 636 1057 codicis
675 1014 883 1057 lectiones
922 1029 972 1056 ex
1010 1018 1223 1070 apparatu
1263 1015 1421 1059 Schen-

67 1073 239 1115 keliano
273 1074 532 1129 deprompsi.

156 1143 346 1200 Iactura,
383 1159 513 1199 quam
545 1143 606 1184 M
628 1143 753 1199 fecit,
792 1144 936 1198 aliquo
969 1145 1096 1186 modo
1129 1149 1422 1200 conpensatur

68 1203 336 1258 apographo,
387 1203 498 1257 quod
509 1236 520 1258 ⁷
570 1217 664 1245 cum
708 1203 875 1258 integer
920 1206 1012 1245 erat
1062 1204 1190 1259 liber,
1235 1205 1422 1248 confecit

67 1262 304 1304 Alexander
337 1262 508 1316 quidam
536 1262 797 1303 Ve7·ra.2‘amts
828 1277 864 1303 a.
893 1263 1019 1304 1490.
1069 1263 1106 1304 is
1140 1266 1208 1304 est
1232 1264 1420 1307 Lauren-

67 1321 206 1363 tianus
232 1322 290 1374 pl.
315 1321 388 1362 LI
406 1335 435 1363 c.
456 1321 586 1362 XIII
616 1322 806 1375 membr„
837 1322 882 1362 in
915 1336 997 1377 quo
1031 1324 1131 1375 post
1156 1322 1420 1365 Martianum

68 1379 289 1435 Capellam
336 1380 580 1422 continetur
617 1380 643 1421 f.
680 1380 759 1422 151
807 1380 991 1422 Ausonii
1028 1380 1212 1422 Mosella
1258 1382 1419 1424 omisso

67 1439 221 1481 ultimo
249 1454 394 1481 uersu:
420 1442 581 1488 „Incipit
606 1443 856 1488 fragmentum
882 1442 1039 1478 Ausonii
1069 1445 1227 1488 poetae“
1253 1464 1298 1470 -—
1324 1444 1420 1488 „Ex-

66 1501 176 1547 plicit
194 1502 378 1547 Moyselia
404 1502 594 1537 Ausonii“.
633 1502 674 1539 et
701 1498 845 1539 addita
865 1501 930 1540 est
951 1499 1136 1553 epistula
1158 1498 1421 1553 Symmachi,

67 1559 168 1610 post
195 1572 323 1611 quam
351 1560 589 1612 sequuntur
616 1556 820 1599 Caesares
848 1560 1031 1599 monost.
1059 1560 1102 1599 et
1132 1560 1299 1600 tetrast.
1335 1560 1418 1600 1—

68 1617 135 1658 80.
170 1616 351 1670 denique
367 1616 549 1658 Ausonii
571 1617 788 1670 opuscula.
816 1617 994 1659 subscr.:
1021 1621 1099 1665 „De
1118 1621 1190 1656 hoc
1210 1632 1320 1666 opere
1341 1632 1420 1656 cor-

66 1674 177 1718 rupto
191 1675 234 1708 ut
247 1673 449 1718 plurimum
463 1673 518 1708 nil
533 1674 684 1708 alterius
699 1674 845 1718 repperi
863 1675 900 1709 et
918 1674 1002 1709 ideo
1017 1673 1181 1718 explicit.
1208 1675 1420 1710 Alexander

65 1725 298 1762 Verrazanus
326 1726 499 1772 ascripsit
517 1726 879 1762 MCCOCLXXXX.“
916 1724 1049 1765 uerba
1069 1723 1234 1766 Graeca
1260 1725 1419 1766 omissa

67 1783 168 1822 sunt
214 1781 364 1835 spatiis
409 1781 630 1823 indicatis:
675 1782 873 1824 ultimum
917 1782 1113 1824 Bissulae
1159 1797 1330 1825 carmen
1375 1785 1419 1824 et

67 1840 200 1895 epigr.
228 1841 281 1882 91
316 1840 386 1882 hic
418 1855 585 1896 quoque
618 1841 781 1883 desunt.

156 1910 325 1953 Codicis
353 1913 446 1953 loco
475 1913 849 1954 commemoranda
876 1915 941 1954 est
960 1913 1079 1955 editio
1093 1913 1285 1966 princeps
1304 1912 1416 1954 Bar-

66 1969 282 2012 tholomaez‘
314 1970 555 2025 Girardzssni,
589 1986 695 2025 quae
724 1971 920 2013 Venetiis
953 1972 1113 2026 prodiit
1144 1985 1255 2013 anno
1291 1972 1420 2026 1472,

67 2043 328 2083 quamquam
367 2030 575 2071 conflatus
615 2033 682 2071 est
720 2034 945 2072 contextus
982 2045 1033 2072 ex
1064 2031 1257 2085 pluribus
1291 2030 1416 2072 libris

65 2090 109 2129 et
141 2089 267 2129 modo
301 2103 398 2129 cum
434 2090 473 2130 T
499 2089 630 2130 faciat
663 2090 790 2131 modo
824 2105 920 2131 cum
953 2089 1023 2131 M:

164 2192 194 2237 ³¹)
222 2192 360 2226 adiecit
386 2205 432 2226 m.
461 2204 554 2227 saec.
578 2193 662 2227 XVI
689 2195 798 2229 haee:
826 2194 951 2239 „Opus
979 2195 1194 2238 corruptum
1222 2195 1279 2229 est
1299 2195 1337 2228 et
1357 2193 1419 2229 de-

64 2241 150 2274 sunt
175 2240 295 2275 multa
319 2239 530 2284 fragmenta.
559 2243 1046 2287 Τεμεισφαρεμπατηκωομε
1069 2269 1077 2277 .
1098 2269 1105 2276 .
1128 2243 1160 2275 .“
