1563 2511
586 68 908 109 —497—

163 173 188 204 4
214 169 340 204 Cicero
362 169 470 205 Catil.
490 169 561 204 IIII
580 174 600 204 2
622 181 690 214 ego
712 182 790 205 sum
814 170 878 206 ille
898 171 1035 215 consul,
1057 173 1182 217 patres
1204 173 1418 219 conscripti,

211 217 268 251 cui
300 227 375 251 non
405 216 542 259 forum,
574 217 612 251 in
645 228 717 260 quo
753 218 871 252 omnis
898 218 1069 263 aequitas
1096 220 1315 263 continetur,
1342 232 1417 256 non

211 274 362 307 campus
403 263 661 298 consularibus
701 264 875 308 auspiciis
914 268 1167 310 consecratus,
1206 278 1279 301 non
1315 269 1418 302 curia

211 321 394 344 summum
426 309 606 345 auxilium
637 310 802 345 omnium
833 312 1018 356 gentium,
1050 325 1124 348 non
1158 313 1288 348 domus
1315 326 1416 349 com-

210 368 321 391 mune
357 356 585 402 perfugium,
625 368 697 391 non
736 358 855 392 lectus
894 359 940 392 ad
979 360 1141 403 quietem
1175 361 1301 404 datus,
1341 373 1416 396 non

212 403 370 447 denique
396 405 488 438 haec
514 405 620 438 sedes
646 403 796 439 honoris
821 416 997 449 umquam
1024 417 1142 442 uacua
1168 408 1298 442 mortis
1318 408 1416 452 peri·

211 451 292 485 culo
320 453 431 494 atque
456 450 602 485 insidiis
627 450 710 485 fuit.

161 501 186 532 4
211 498 387 532 abolitor:
422 497 641 533 Tertullian.
667 497 755 534 Lab.
789 498 877 533 mul.
906 502 926 534 3
961 500 1124 534 omnium
1151 512 1273 535 rerum
1301 501 1421 536 aboli-

209 546 340 579 torem.

162 596 182 625 5
208 591 309 627 Arat.
335 591 474 627 Phaen.
501 595 521 625 2
548 591 680 636 μεσταὶ
705 591 747 627 δὲ
774 590 866 633 Διὸς
890 593 1008 628 πᾶσαι
1034 592 1104 638 μὲν
1130 590 1270 638 ἀγυιαί.

162 643 182 673 9
209 639 339 673 Florus
365 638 381 671 I
406 650 459 683 pr.
488 642 525 673 3:
562 638 697 673 faciam
729 640 827 683 quod
861 640 982 675 solent
1013 640 1077 684 qui
1110 642 1293 675 terrarum
1321 642 1414 676 situs

208 685 383 730 pingunt:
422 685 462 720 in
498 685 603 720 breui
636 686 742 729 quasi
774 686 915 721 tabella
945 688 1065 722 totam
1101 687 1178 722 eius
1212 689 1416 733 imaginem

210 733 425 778 amplectar.
477 732 667 777 (similiter
698 733 945 779 Hieronymus
976 735 1023 769 ad
1048 734 1183 780 Euagr.
1211 738 1250 770 et
1275 736 1314 770 in
1339 736 1416 780 epi-

208 780 338 824 taphio
364 778 592 824 Nepotiani.)

140 830 183 861 13
210 827 338 861 consul
363 837 449 871 ego:
477 825 666 862 Claudian.
694 826 805 862 Mam.
831 840 885 872 gr.
912 830 983 862 act.
1010 828 1078 863 Iul.
1106 828 1140 863 d.
1169 833 1223 864 19.

141 878 187 908 15
214 874 450 908 assiduitate:
479 874 519 916 Q.
548 874 674 909 Cicero
701 875 745 909 de
771 874 878 919 petit.
900 886 998 910 cons.
1021 879 1082 910 43:
1110 876 1174 910 sed
1201 878 1326 910 tamen
1352 876 1416 911 hio

208 921 349 955 fructus
376 924 431 955 est
456 921 698 965 assiduitatis,
724 933 799 956 non
825 923 943 956 solum
970 933 1049 957 esse
1069 923 1210 957 Romae
1237 926 1349 966 atque
1374 924 1416 958 in

210 968 302 1010 foro,
329 968 393 1002 sed
419 967 573 1002 adsidue
598 970 735 1012 petere.

142 1019 183 1048 19
210 1015 413 1050 Homerici:
441 1013 475 1050 ([
499 1014 566 1059 Ep.
593 1015 664 1049 XII
692 1019 734 1049 10
755 1028 834 1060 sqq.

211 1060 245 1098 {[
270 1061 424 1106 Ephem.
454 1066 521 1096 164
546 1061 664 1097 instar
690 1063 822 1098 densae
849 1063 1050 1108 grandinis.

211 1107 245 1144 (I
270 1109 372 1154 Prof.
395 1113 451 1152 21,
480 1113 522 1143 16
544 1121 622 1153 sqq.

210 1156 394 1191 Laconica
419 1157 621 1191 breuitate:
650 1157 859 1201 Symmach.
886 1157 934 1191 ad
955 1158 1090 1192 Auson.
1113 1158 1128 1191 I
1151 1162 1192 1191 14
1218 1157 1266 1192 in.
1289 1159 1416 1203 (supra

209 1215 244 1247 p.
275 1207 352 1245 141,
380 1205 414 1248 3)
440 1203 646 1238 Laconicae
672 1204 771 1238 malo
799 1204 946 1239 studere
973 1204 1161 1239 breuitati.

211 1248 244 1285 (I
271 1251 315 1285 cf.
342 1250 432 1285 Lud.
462 1254 527 1285 137
556 1248 589 1285 (I
614 1250 680 1295 Ep.
707 1250 829 1285 XXVI
854 1255 909 1286 36.

139 1301 185 1332 20
211 1297 256 1331 cf.
291 1297 415 1333 Sidon.
442 1297 508 1341 Ep.
534 1297 566 1331 V
593 1302 630 1341 9,
661 1302 678 1332 1
709 1298 750 1332 in
775 1298 1016 1333 Constantino
1042 1298 1350 1339 inconstantiam,
1377 1299 1417 1333 in

210 1345 338 1379 Iouino
377 1345 613 1388 facilitatem,
651 1345 690 1379 in
729 1345 904 1379 Gerontio
943 1345 1154 1390 perfidiam,
1193 1345 1340 1390 singula
1377 1346 1416 1380 in

212 1391 383 1436 singulis,
418 1392 541 1426 omnia
566 1391 605 1426 in
630 1391 803 1427 Dardano
830 1392 983 1427 crimina
1011 1392 1121 1426 simul
1147 1395 1416 1428 execrarentur.

141 1442 184 1472 31
211 1439 374 1474 quenal.
402 1438 436 1472 X
463 1443 504 1473 16
532 1450 687 1483 magnos
714 1438 876 1474 Senecae
903 1438 1122 1483 praediuitis
1148 1439 1290 1474 hortos.

140 1489 184 1519 31
214 1485 482 1527 Quintilianus:
516 1486 560 1520 cf.
588 1486 750 1520 quenal.
778 1486 846 1520 VII
874 1490 938 1521 197
968 1486 998 1520 si
1023 1487 1172 1521 fortuna
1199 1487 1315 1530 uolet,
1350 1486 1415 1521 fies

213 1533 256 1567 cle
283 1533 430 1567 rhetore
457 1533 593 1568 consul.

140 1583 184 1613 33
211 1580 379 1624 praefero
413 1578 649 1613 Gratianum:
684 1580 808 1614 Sidon.
836 1580 958 1624 Apoll.
987 1592 1016 1614 0.
1043 1580 1113 1614 IIII
1140 1584 1182 1614 17
1210 1591 1268 1614 res
1296 1580 1418 1615 minor

209 1627 358 1671 ingenio
383 1627 501 1669 nobis,
527 1626 592 1661 sed
619 1626 773 1661 Caesare
800 1627 934 1669 maior3
960 1627 1112 1662 uincant
1138 1627 1296 1672 eloquio,
1325 1627 1413 1661 dum

212 1674 321 1708 modo
347 1685 413 1708 nos
441 1673 602 1709 domino.

141 1724 187 1754 34
212 1720 352 1765 Vergil.
373 1721 415 1754 A.
440 1720 523 1754 vm
551 1724 619 1755 724
646 1720 847 1756 discinctos
873 1721 980 1756 Afros
1009 1721 1088 1764 (Sil.
1112 1720 1147 1754 II
1174 1724 1218 1756 56
1245 1720 1418 1755 discincti

212 1767 371 1812 Libyes).

140 1818 184 1848 36
212 1814 456 1860 patrimonia:
476 1814 660 1849 Ammian.
682 1813 819 1848 XXVII
841 1818 893 1858 11,
917 1819 934 1848 1
955 1814 1094 1849 Probus
1117 1843 1123 1849 .
1146 1842 1154 1849 .
1176 1842 1183 1849 .
1205 1826 1317 1859 opum
1339 1826 1414 1849 am-

212 1862 394 1906 plitudine
427 1861 598 1906 cognitus
633 1861 712 1896 orbi
743 1862 928 1904 Romano,
963 1872 1029 1906 per
1062 1873 1172 1906 quem
1204 1861 1418 1896 uniuersum

212 1919 329 1953 paene
355 1908 583 1953 patrimonia
611 1920 740 1953 sparsa
765 1909 939 1952 possedit.

140 1958 184 1989 38
211 1955 305 1990 Plin.
337 1966 469 2000 paneg.
503 1959 547 1990 88
579 1954 721 2000 pietate
752 1955 896 1990 Metelli
926 1956 1210 1991 monstrabatur.
1262 1955 1306 1990 cf.
1344 1955 1417 1990 Cic.

212 2003 256 2037 de
283 2004 375 2037 orat.
401 2002 434 2036 II
460 2004 533 2047 (40)
562 2006 639 2038 167.

212 2049 370 2085 felicior:
397 2049 490 2085 Plin.
519 2061 576 2094 ep.
603 2050 635 2082 V
664 2054 726 2093 18,
761 2054 778 2083 1
805 2050 916 2085 homo
942 2050 1085 2085 felicior
1111 2052 1310 2093 antequam
1337 2049 1415 2083 feli-

212 2097 379 2131 cissimus
398 2097 512 2133 fieret.
542 2096 600 2141 (cf.
622 2096 716 2132 Plin.
738 2110 767 2131 n.
792 2097 827 2131 h.
850 2097 915 2131 VH
939 2102 1004 2132 137
1027 2097 1176 2131 Sallust.
1200 2098 1276 2141 lug.
1296 2100 1352 2139 95,
1367 2098 1416 2139 4.)

141 2146 186 2177 50
212 2144 309 2178 unde
330 2144 375 2178 de
394 2144 506 2189 plano
525 2143 600 2189 legi
620 2144 780 2188 possint:
807 2144 850 2179 cf.
873 2144 1055 2189 leianus
1079 2155 1136 2188 ap.
1156 2143 1347 2177 Iustinian.
1371 2143 1415 2176 de

211 2191 401 2226 institoria
426 2190 573 2226 actione
598 2191 661 2227 tit.
682 2195 702 2225 3
728 2191 800 2236 leg.
822 2195 861 2225 2:
888 2192 984 2225 unde
1012 2191 1056 2224 de
1084 2191 1194 2235 plano
1221 2191 1320 2224 recte
1340 2190 1417 2234 legi

213 2237 341 2281 possit.
374 2237 516 2272 Tabula
535 2248 644 2273 aerea
664 2248 775 2282 quam
795 2238 923 2272 laudat
937 2238 1112 2272 Vinctus:
1134 2238 1218 2271 ubei
1238 2237 1283 2270 de
1303 2237 1416 2281 plano

212 2287 312 2319 recte
338 2284 414 2329 legi
438 2285 610 2329 possitur.
652 2285 791 2320 Seneca
813 2298 846 2321 n.
867 2297 900 2330 q.
922 2285 937 2318 I
957 2289 990 2328 4,
1013 2290 1028 2319 1
1058 2284 1151 2319 alias
1177 2283 1419 2327 probationes

214 2341 307 2375 quae
334 2332 378 2366 de
404 2332 516 2376 plano
543 2331 619 2377 legi
645 2333 808 2376 possunt.

142 2395 312 2421 Arses-trs.
1089 2393 1131 2422 32
