1563 2511
644 62 963 104 —388-

751 223 862 258 XVII.

321 290 418 329 Οὐδ’
449 292 559 329 ἕλοιθ’
585 291 723 339 Ἀτρέος
748 293 831 329 υἱὸν
858 291 1058 338 ἀρηίφιλον
1084 293 1283 329 Μενέλαον

320 341 537 376 Actoridem
565 352 711 376 caesum
737 353 806 376 nec
831 342 886 385 te,
914 342 1098 384 Menelae,
1126 342 1271 376 fefellit.

221 424 347 467 Circa
385 426 691 480 interemptum
723 425 972 467 Patroclum
1009 441 1154 481 pugna
1192 426 1478 468 contrahitur:

129 499 226 526 cum
259 485 419 525 diuersi
451 486 662 526 exercitus
688 485 926 537 tenderent,
959 484 1122 537 Graeci,
1155 499 1309 539 corpus
1335 488 1383 526 ut
1410 486 1477 526 de-

127 543 366 595 fenderent,
399 543 590 597 Troiani,
621 547 669 584 ut
701 545 753 584 ad
781 544 1012 585 ludibrium
1046 544 1227 585 cadauer
1254 544 1479 598 eriperent.
1506 557 1526 586 5

130 618 154 644 a
191 602 385 644 Menelao
424 601 685 656 Euphorbus
729 602 936 643 occiditur
973 607 1016 643 et
1054 603 1106 643 ad
1145 603 1479 644 ostentationem

131 662 310 717 gloriosi
358 661 563 702 facinoris
616 661 800 702 Achillis
852 661 1016 703 exuuiis
1066 660 1227 703 Hector
1278 665 1479 703 armatur.

131 720 388 762 Antilochus
422 720 474 760 ad
501 720 715 761 Achillem
746 720 923 760 nuntius
951 720 1084 761 cladis
1111 724 1310 775 acceptae
1337 720 1480 761 Mene-

129 779 199 820 lao
232 780 423 820 instante
454 779 645 820 festinat.
696 779 768 833 qui
802 781 843 819 et
875 779 968 833 ipse
993 781 1143 833 postea
1169 794 1264 820 cum
1290 779 1479 821 Merione

127 837 242 878 intra
274 837 492 878 naualium
525 838 793 879 munimenta
826 852 869 878 se
902 837 1066 892 recipit,
1097 852 1193 879 cum
1221 841 1315 880 tota
1342 839 1477 880 moles
1508 851 1549 881 10

130 897 232 937 belli
267 912 290 937 a
322 896 519 938 Menelao
552 897 759 938 Aiacibus
792 896 1040 951 ingruisset.

739 1047 869 1082 XVIII.

333 1114 398 1159 “529
424 1116 463 1153 οἵ
485 1116 551 1162 μὲν
579 1118 770 1162 μάρναντο
797 1118 913 1162 δέμας
938 1116 1056 1162 πυρὸς
1081 1117 1304 1163 αἰθομένοιο

344 1166 441 1200 Dum
468 1165 558 1200 furit
581 1165 620 1200 in
646 1166 769 1200 medio
796 1165 888 1200 ualli
914 1166 970 1201 uis
996 1166 1108 1210 ignea
1132 1165 1262 1200 Martis

220 1250 410 1291 Achilles
445 1250 489 1291 in
521 1250 811 1291 miserabilem
843 1251 1017 1292 modum
1043 1250 1233 1292 Patrocli
1266 1250 1392 1291 deflet
1418 1251 1480 1292 in-

128 1308 318 1351 teritum.
370 1324 496 1363 quem
528 1309 570 1350 ui
605 1309 764 1351 doloris
799 1310 997 1351 affectum
1030 1309 1355 1351 consolantibus
1387 1325 1480 1350 uer-

130 1368 197 1410 bis
229 1371 368 1410 mater
400 1369 652 1423 alloquitur:
688 1382 766 1409 nec
797 1369 984 1422 inultum
1018 1369 1200 1410 amicum
1234 1369 1326 1409 fore
1358 1369 1480 1422 polli-
1506 1380 1526 1410 5

130 1442 228 1469 cens
261 1427 524 1481 perlaturam
557 1441 649 1468 sese
676 1427 858 1468 Vulcani
891 1441 1010 1468 arma
1035 1427 1265 1481 promittit.
1318 1428 1481 1468 interea

130 1489 172 1527 et
203 1485 287 1527 Iris
321 1487 374 1527 ab
407 1486 570 1528 Iunone
603 1486 862 1541 demittitur3
897 1487 1016 1528 cuius
1050 1487 1262 1527 instantia
1288 1486 1479 1528 Achilles

129 1548 250 1586 extra
281 1546 442 1586 uallum
476 1560 733 1600 quamquam
767 1545 943 1586 inermis
971 1545 1188 1599 egreditur
1216 1545 1477 1587 conterritis-

130 1619 211 1658 que
255 1604 453 1646 Troianis
500 1620 627 1659 super
673 1604 780 1645 alios
827 1605 920 1646 aliis
964 1604 1349 1658 praecipitantibus
1394 1605 1480 1646 late

128 1663 233 1718 fuga
265 1666 308 1704 et
338 1663 468 1705 latius
499 1663 685 1706 formido
718 1664 967 1718 porrigitur.
1021 1664 1254 1718 eodemque
1286 1665 1478 1717 tempore
1508 1675 1549 1705 10

130 1724 173 1763 et
216 1721 437 1764 Vulcanus
482 1726 682 1764 exoratus
728 1738 752 1764 a
797 1722 978 1763 Thetide
1025 1725 1119 1764 tota
1162 1725 1304 1774 nocte,
1353 1737 1479 1776 quam

129 1782 260 1835 longa
287 1784 363 1835 est,
391 1783 594 1823 caelestia
620 1783 662 1823 in
691 1781 876 1836 gratiam
897 1781 1127 1836 Nymphae
1155 1796 1272 1822 arma
1294 1782 1479 1823 molitur.

224 1931 327 1966 XVII
355 1935 372 1965 1
402 1929 503 1977 υΐόν]
529 1944 613 1976 ynn
632 1933 667 1966 P
739 1937 758 1967 6
786 1932 1010 1976 euphorbius
1029 1933 1080 1966 ΡΒ
1154 1936 1174 1967 8
1201 1931 1383 1966 antilocus
1400 1932 1436 1966 P

131 1979 319 2060 agnfanlt'e
346 1979 382 2014 P
466 1974 505 2013 1'1
536 1992 557 2013 a
583 1980 752 2014 menelao
779 1979 954 2014 Aiacibus
984 1981 1116 2024 Peipe'r
1148 1979 1316 2014 menelao
1343 1982 1381 2014 et
1406 1979 1478 2013 aia-

132 2038 166 2061 ci
193 2038 235 2060 us

226 2084 346 2119 XVIII
385 2089 404 2120 2
432 2085 522 2119 ualli
551 2086 744 2128 Heinsius,
772 2085 861 2120 belli
888 2086 922 2119 P
947 2087 952 2131 Ι
985 2085 1095 2119 marti
1126 2086 1161 2119 P
1255 2090 1276 2119 4
1303 2085 1480 2120 afflictum

131 2132 311 2167 Floridus
386 2137 404 2167 7
430 2132 504 2176 yris
536 2133 569 2166 P
590 2136 594 2176 1
617 2133 826 2167 demittitur
853 2133 903 2166 P‘³
926 2136 930 2176 1
954 2129 1076 2167 achill'
1099 2133 1135 2167 P
1203 2136 1223 2167 8
1252 2133 1427 2167 inhermis
1449 2133 1485 2166 P

183 2183 202 2214 9
228 2179 307 2214 lata
336 2180 372 2213 P
469 2184 507 2214 11
537 2179 706 2214 thethide
735 2181 771 2214 P
866 2184 906 2213 12
933 2179 1097 2224 nympha
1124 2179 1160 2213 P
