1563 2511
682 63 997 104 —181—

90 246 119 272 x
141 246 213 280 [3081
688 234 981 271 PERIANDER.

159 329 338 384 Ephyra
371 331 538 370 creatus
570 329 654 371 huo
684 329 917 371 Periander
947 330 1125 385 prodeo,

160 387 334 442 Μέλέτη
366 384 415 429 τὸ
449 388 536 429 πᾶν
569 388 641 443 qui
674 388 760 429 dixi
793 391 835 429 et
866 389 1026 430 dictum
1058 389 1143 431 iam
1175 392 1331 447 probo,
1438 404 1505 435 215

158 447 455 489 Meditationis
488 461 599 501 esse⁷
632 447 745 502 quod
776 450 890 488 recte
923 461 1062 502 geras.

157 505 199 547 Is
233 506 388 561 quippe
421 506 536 547 solus
568 506 631 547 rei
664 505 876 560 gerendae
909 511 972 548 est
1005 506 1174 562 efficax,

157 564 391 606 Meditatur
424 579 548 606 omne
580 565 654 619 qui
685 565 803 619 prius
834 565 1067 620 negotium.

157 624 353 665 Aduersa
384 638 526 664 rerum
558 624 626 665 uel
660 623 845 666 secunda
876 624 1098 678 praedicat

156 682 406 723 Meditanda
438 683 603 723 cunetis
636 683 821 724 comicus
855 682 1092 724 Terentius.
1437 696 1505 728 220

156 740 317 782 Looare
351 741 489 793 sedes,
521 741 684 782 bellum
717 755 864 797 gerere
897 744 971 783 aut
1003 755 1181 795 ponere,

154 799 336 855 Magnas
369 799 643 854 modicasque
675 815 760 853 res,
793 801 922 842 etiam
953 815 1108 854 paruas
1143 816 1311 856 quoque

155 859 296 913 Agere
328 859 544 900 uolentem
582 873 750 913 semper
784 859 983 900 meditari
1016 859 1148 901 decet.
1472 875 1504 899 10

153 917 267 959 Nam
300 918 518 972 segniores
552 932 699 959 omnes
733 919 778 958 in
811 918 973 972 coeptis
1006 919 1149 969 nouis,

153 976 379 1017 Meditatio
414 976 451 1017 si
482 976 544 1017 rei
576 976 787 1031 gerendae
821 976 968 1018 defuit.
1435 989 1502 1021 225

152 1034 227 1076 Nil
260 1038 341 1088 est,
374 1035 488 1089 quod
521 1035 773 1090 ampliorem
807 1050 951 1077 curam
983 1035 1190 1089 postulet,

154 1093 292 1143 Quam
325 1094 533 1148 cogitare,
566 1094 665 1148 quid
698 1094 932 1149 gerendum
967 1095 1033 1135 sit.
1096 1093 1245 1135 dehine

151 1151 446 1207 Ineogitantes
479 1152 587 1206 fors,
618 1167 705 1193 non
737 1153 963 1194 eonsilium
995 1153 1119 1207 regit.
1470 1166 1503 1191 15

213 1210 294 1252 Sed
329 1225 408 1265 ego
440 1226 507 1252 me
542 1211 593 1252 ad
625 1213 770 1265 partes
802 1212 889 1253 iam
922 1211 1094 1265 recipio.
1156 1211 1366 1267 plaudite,

150 1269 399 1311 Meditando
434 1272 477 1310 et
508 1273 700 1311 uestram
732 1284 823 1311 rem
857 1270 1013 1311 curetis
1047 1270 1276 1324 publicam.
1435 1283 1502 1314 230

244 1420 444 1455 Periander
475 1421 573 1456 rubr.
610 1421 643 1455 V
671 1420 731 1455 hie
765 1421 822 1455 est
855 1421 1055 1456 Periander
1088 1421 1153 1456 ille
1186 1421 1325 1456 amicus
1357 1422 1502 1457 Arionis

148 1468 306 1503 fidicinis
334 1469 437 1502 cuius
464 1468 629 1502 fabulam
657 1467 806 1512 scripsit
832 1467 1039 1503 Herodotus
1065 1479 1178 1514 mam.
1205 1468 1270 1503 m.²
1292 1469 1342 1502 PS
1433 1474 1502 1504 214

149 1528 278 1573 ephira
302 1527 336 1561 V
354 1529 359 1571 ff
380 1527 452 1561 huc
478 1527 679 1562 Periander
704 1528 893 1562 Aucmtius
918 1530 1014 1562 1507
1042 1527 1206 1572 piriader
1232 1527 1417 1573 (pei-iader
1438 1529 1500 1573 V2)

147 1575 219 1609 huc
254 1575 286 1609 V
315 1574 512 1619 periander
544 1574 612 1608 hoe
647 1574 754 1618 (lieet)
785 1575 894 1618 hoe?)
920 1575 957 1608 P
1051 1577 1119 1608 215
1152 1575 1289 1610 melete
1321 1576 1436 1619 topan
1469 1576 1505 1610 P

147 1622 323 1657 meleteto
343 1632 416 1666 pan
438 1621 472 1655 V
490 1622 495 1666 Ι
519 1622 555 1656 et
575 1621 715 1655 dictum
735 1620 811 1656 iam
832 1622 946 1666 probo
970 1622 1112 1666 Periper,
1132 1622 1206 1656 iam
1227 1633 1292 1657 om.
1325 1621 1400 1656 VP
1419 1621 1422 1667 Ι
1446 1624 1500 1668 et]

148 1669 210 1713 qui
236 1669 409 1714 Lugydzm.
438 1669 476 1702 et
501 1668 563 1713 qui
596 1668 765 1711 Vmerus,
798 1670 836 1703 et
868 1669 906 1703 id
933 1679 994 1714 eqo
1020 1672 1145 1711 antea,
1180 1670 1217 1704 et
1242 1670 1313 1703 hoe
1339 1668 1499 1704 Schenkl.

195 1719 263 1751 216
290 1715 573 1750 meditationem
600 1726 678 1750 esse
704 1717 824 1750 totum
852 1716 949 1760 quod
979 1716 1063 1760 (qde
1089 1716 1135 1760 P)
1162 1717 1261 1750 recte
1287 1726 1395 1760 geras
1430 1716 1504 1751 VP

147 1797 237 1821 corr.
259 1786 390 1830 Peiper
410 1796 490 1821 cum
509 1786 675 1831 Heinsio,
696 1787 741 1829 cf.
762 1797 797 1821 u.
820 1789 877 1821 66.
954 1790 1021 1821 217
1043 1786 1100 1820 his
1123 1786 1170 1820 V¹
1194 1788 1197 1830 Ι
1220 1771 1441 1831 gerenda‘iesss
1472 1787 1505 1821 V

195 1837 262 1868 220
289 1833 508 1868 medicanda
532 1833 574 1878 P¹
597 1833 601 1879 Ι
638 1833 792 1868 comiter
818 1836 895 1877 (cus
922 1834 969 1868 αῖ.
995 1844 1054 1876 ss„
1080 1845 1097 1867 r
1122 1836 1154 1868 et
1178 1834 1194 1867 t
1219 1834 1315 1878 quod
1338 1835 1500 1878 sequitur

147 1881 194 1915 al.
223 1892 265 1916 m.
293 1880 485 1926 temptata)
516 1879 550 1914 V
569 1881 574 1922 Ι
596 1877 765 1915 t'rentius
791 1881 828 1915 P
920 1884 986 1915 221
1014 1880 1152 1915 uellum
1185 1880 1232 1914 V¹
1329 1883 1397 1915 222
1424 1892 1500 1915 ma·

146 1939 240 1973 gnus
267 1927 304 1962 P
338 1929 344 1972 l
384 1927 519 1972 pai-bas
552 1927 598 1961 V¹
695 1931 762 1962 223
802 1927 978 1963 medicari
1006 1928 1042 1962 P
1136 1931 1204 1961 224
1241 1928 1395 1962 homnes
1431 1928 1462 1961 V
1493 1928 1496 1973 1

145 1998 303 2042 inceptis
331 1997 405 2032 VP
425 1999 429 2041 ι
452 1997 557 2032 nobis
587 1997 622 2033 V
704 2001 771 2032 225
799 1998 830 2032 si
849 2009 914 2033 om.
945 1998 1019 2041 V11
1042 1982 1185 2042 ςέῧᾱαε
1214 1998 1243 2043 V
1341 2001 1408 2032 226
1435 1997 1497 2032 Nil

150 2045 185 2079 V
204 2045 299 2080 nihil
324 2045 360 2079 P
455 2048 522 2079 229
558 2047 684 2089 patres
716 2045 750 2080 V
842 2049 910 2079 230
941 2046 1157 2080 meditando
1187 2045 1319 2089 Peiper
1343 2045 1498 2079 medita-

144 2092 277 2126 ’camini
310 2092 344 2125 V
378 2091 551 2127 meditari
586 2092 623 2127 P
657 2092 828 2127 meditati
857 2092 946 2127 Par.
980 2092 1287 2135 meditaminique
1317 2092 1496 2136 (uestram

144 2140 268 2182 deleto)
297 2139 474 2174 Heinsius
496 2143 501 2181 Ι
525 2140 562 2174 et
590 2140 740 2184 Paper,
767 2142 808 2173 ut
841 2140 938 2184 VPl
961 2139 1165 2184 plublicam
1199 2139 1233 2173 V

238 2185 402 2231 Explicit
426 2186 545 2221 ludus.
583 2185 661 2221 VII.
691 2187 913 2231 sapientum.
949 2190 952 2229 1
988 2187 1176 2231 Incipiunt
1207 2185 1406 2220 eorundem
1432 2195 1495 2219 no-

144 2233 246 2267 mina
278 2235 388 2277 atque
421 2233 615 2268 sententie.
666 2235 707 2268 ut
738 2233 801 2277 qui
834 2234 997 2278 relegere
1030 2234 1138 2277 plura
1171 2233 1215 2267 de
1241 2232 1330 2275 ipsis
1359 2231 1495 2275 scripta

145 2280 351 2315 fastidiunt.
402 2280 543 2315 maiore
569 2280 789 2325 compendio
818 2280 985 2315 subiecta
1011 2281 1264 2324 congnoscant
