1563 2511
617 55 933 97 —168—

65 170 82 195 8
102 158 238 200 Estne
268 159 484 213 peregrini
517 174 600 201 uox
631 160 817 202 nominis
851 175 903 201 an
937 160 1053 202 Latii
1367 162 1449 204 sil?

66 230 81 254 9
101 217 159 260 Et
191 217 303 271 quod
335 231 539 273 germano
571 218 753 260 mixtum
786 220 899 261 male
930 219 1144 261 letiferum
1329 220 1444 262 min?

65 287 80 312 7
100 276 352 332 Imperium,
382 276 522 331 litem,
557 292 756 319 uenerem
789 292 863 319 0111·
894 292 981 319 una
1011 281 1135 320 notat
1350 279 1444 321 res?

46 345 79 373 10
99 334 322 376 Lintribus
355 336 401 376 in
433 336 614 391 geminis
647 338 891 378 constratus
923 340 1056 390 ponto
1090 337 1147 379 sit
1179 352 1233 379 an
1307 338 1445 393 pons?

98 392 302 435 Bucolico
336 409 484 448 saepes
518 395 626 436 dixit
656 394 797 450 Maro,
829 410 903 436 0111·
935 395 1084 437 Cicero
1291 396 1444 451 saeps‘?

98 451 196 493 Vox
229 453 358 494 solita
392 456 433 494 et
464 454 628 495 cunetis
660 454 907 508 notissima,
941 455 977 495 si
1009 469 1231 510 memores,
1377 456 1445 497 lae

99 509 184 552 Cur
215 512 543 563 condemnatur,
575 513 686 554 ratio
719 513 857 568 magis
889 515 938 554 ut
969 513 1101 554 faeiat
1329 514 1446 556 lact?

96 569 186 622 An,
216 569 380 624 Libyae
413 571 542 613 ferale
575 572 755 626 malum,
787 572 843 613 sit
874 570 1061 614 Romula
1093 587 1176 614 uox
1318 573 1444 627 seps?

44 639 78 666 15
99 627 143 669 Si
177 629 314 670 bonus
347 633 413 671 est
444 630 612 681 insons,
647 631 888 672 contrarius
922 633 965 672 et
996 645 1094 672 reus
1128 635 1192 672 est
1313 632 1444 673 sons‘?

95 686 227 729 Diues
261 703 390 743 opum
424 703 498 730 0111·
529 704 685 730 11011161]
720 689 852 730 habet
882 689 984 731 Ioue
1017 689 1067 731 de
1101 691 1242 745 stygio
1334 690 1443 732 Dis‘?

95 744 219 788 Vnde
251 746 447 788 Rudinus
482 747 543 788 ait
573 746 742 789 ‘diuum
775 747 926 789 domus
960 749 1191 790 altisonum
1301 749 1445 791 cael'?

93 803 153 845 Et
186 805 305 846 0111113
338 806 388 846 de
420 820 557 860 more,
590 807 703 860 quod
736 806 916 858 addidit,
950 806 1079 849 ‘endo
1114 822 1236 849 suam
1337 808 1443 850 do'?

95 864 202 918 Aut,
234 864 284 905 de
316 864 465 905 fronde
497 865 693 918 loquens,
727 879 800 906 eur
832 865 935 907 dicit
967 865 1172 921 ‘populea
1302 867 1443 909 fros'?

39 933 74 959 20
94 920 175 963 Sed
203 937 285 976 quo
313 923 596 977 progredior?
630 938 737 978 quae
767 924 882 978 finis,
915 924 1010 978 quis
1036 925 1187 967 modus
1214 928 1258 967 et
1318 926 1443 968 calx?

91 980 291 1036 Indulge,
322 981 478 1023 Pacate
510 982 668 1035 bonus,
700 982 868 1037 doetus,
899 982 1040 1024 facilis
1357 985 1442 1038 uir3

91 1039 248 1082 Totum
271 1055 377 1094 opus
404 1041 486 1083 hoe
507 1055 723 1096 sparsum,
750 1042 879 1083 crinis
901 1042 1021 1083 uelut
1039 1043 1309 1097 Antiphilae:
1347 1058 1442 1098 pax.

187 1160 229 1190 11
257 1156 397 1201 Vergil.
426 1157 453 1191 E
481 1157 496 1191 Ι
523 1160 567 1191 53
594 1157 722 1192 Cicero
747 1157 894 1202 Fragm.
922 1158 950 1192 L
979 1162 1020 1192 11
1048 1158 1152 1192 B.-K.

186 1207 324 1238 17-19
351 1204 462 1238 Ennii
487 1204 579 1238 Ann.
608 1207 687 1239 554.
715 1207 794 1238 553.
822 1208 889 1239 269
912 1204 959 1238 M.

187 1254 228 1285 19
258 1250 301 1285 cf.
329 1249 517 1286 Charisius
543 1251 603 1287 Gr.
631 1251 696 1285 lat.
723 1252 738 1285 Ι
767 1255 844 1294 130,
872 1255 916 1286 29
937 1252 980 1286 Κ.

184 1301 228 1332 22
254 1298 403 1334 Terent.
430 1298 564 1334 Heaut.
592 1299 625 1332 ΙΙ
651 1302 684 1341 3,
705 1302 749 1332 49
777 1300 874 1342 (290)
895 1310 945 1342 sq.
974 1299 1018 1334 de
1039 1299 1245 1345 Antiphila:
1285 1300 1441 1346 capillus

87 1355 217 1389 passus
245 1373 250 1378 .
274 1372 281 1379 .
304 1371 310 1379 .
338 1356 411 1389 pax

187 1450 283 1486 Ordo
314 1461 485 1486 uersuum
516 1452 557 1486 in
590 1451 637 1486 V:
678 1455 716 1495 7,
743 1455 781 1495 S,
809 1456 828 1486 9
869 1451 1082 1496 (Imperium
1111 1473 1150 1477 —-
1179 1453 1294 1488 Estne
1321 1474 1364 1479 -—
1391 1454 1441 1489 Et

87 1497 186 1542 quod
202 1500 276 1541 —)⁷
304 1499 397 1533 idem
422 1500 464 1533 in
479 1499 513 1532 Z
537 1499 627 1543 (nisi
651 1499 747 1543 quod
766 1499 859 1533 deest
883 1510 918 1534 u.
933 1500 989 1544 9),
1016 1500 1057 1534 in
1079 1499 1110 1534 C
1126 1503 1264 1535 autem:
1292 1505 1323 1545 9,
1346 1506 1376 1544 7,
1399 1505 1436 1544 83

86 1546 298 1590 transposui
316 1557 352 1581 u.
369 1550 388 1581 7
402 1549 487 1590 post
507 1557 543 1580 u.
559 1549 579 1579 9
604 1556 683 1581 cum
698 1545 886 1581 Schenklio
950 1550 1015 1581 149
1037 1548 1137 1581 estne
1159 1547 1194 1581 V
1216 1547 1312 1582 sitne
1334 1548 1405 1583 C'Z
1431 1550 1434 1590 1

85 1591 267 1638 peregrini
291 1592 339 1626 V2
364 1592 518 1638 peregni
544 1593 591 1627 V¹
614 1594 619 1637 Ι
642 1604 687 1627 an
713 1592 796 1627 latii
831 1593 901 1628 VO
926 1593 968 1637 (ii
994 1595 1041 1629 al.
1063 1595 1147 1629 add.
1176 1593 1221 1638 V)
1249 1595 1336 1630 anni
1365 1595 1438 1631 ΤΘ

85 1638 178 1674 antii
203 1642 221 1673 λ
290 1651 326 1675 u.
344 1643 410 1674 150
433 1651 499 1675 om.
522 1640 556 1673 Z
576 1640 581 1684 l
604 1651 675 1684 quo
696 1640 731 1674 V
797 1644 861 1674 151
890 1641 1079 1686 uenerem]
1107 1641 1181 1676 tria
1206 1653 1251 1677 ss.
1269 1642 1322 1686 01
1346 1643 1434 1688 una]

85 1696 194 1731 saepe
221 1686 279 1730 V!
307 1688 413 1722 notet
440 1687 511 1722 C'Z
583 1691 648 1721 152
676 1687 741 1732 an]
769 1698 829 1721 am,
857 1687 890 1722 V
913 1689 936 1721 fi
963 1690 981 1721 λ
1056 1691 1122 1723 153
1149 1689 1340 1725 buccolico
1371 1690 1403 1723 T
1429 1691 1433 1737 1

85 1745 190 1781 sepes
213 1734 243 1768 C
267 1745 373 1778 sepes
400 1733 432 1768 T
454 1745 536 1778 spes
558 1735 592 1769 G
617 1745 727 1778 saepe
747 1737 766 1768 λ
789 1735 793 1777 Ι
817 1745 937 1769 maro:
965 1746 986 1769 a
1011 1746 1055 1769 ex
1081 1747 1120 1770 ce
1142 1736 1198 1780 Vl
1221 1737 1337 1771 tieero
1358 1737 1404 1772 Vl
1428 1739 1432 1781 Ι

85 1792 166 1826 36113
187 1781 274 1816 libri
343 1785 410 1815 154
437 1780 648 1816 simemores
671 1781 705 1814 V
777 1785 854 1818 155,
870 1782 1138 1818 condemnatur
1157 1783 1192 1817 V
1213 1784 1433 1819 condamne-

83 1852 144 1884 tur
167 1851 201 1885 T
224 1851 490 1887 condemnetur
513 1852 605 1887 Gai
628 1852 634 1897 1
656 1831 679 1886 iti
699 1852 734 1886 V
756 1853 793 1897 (11
814 1853 855 1887 in
874 1863 961 1896 ras,
982 1855 998 1887 t
1017 1864 1076 1897 33,
1097 1855 1143 1889 αῖ.
1166 1854 1227 1898 Vs)
1298 1859 1364 1890 156
1391 1854 1433 1889 11-

81 1897 166 1932 biae
188 1898 258 1934 VC
279 1899 403 1942 lybiae
427 1899 459 1933 T
482 1899 598 1934 libere
618 1902 637 1933 λ
712 1902 778 1934 158
799 1900 886 1935 abet
912 1899 970 1945 V!
993 1899 1097 1947 Ioue]
1124 1912 1235 1936 curue
1258 1902 1292 1936 T
1314 1913 1378 1937 cur
1401 1901 1435 1937 G

83 1945 188 1980 cuiue
215 1948 234 1980 λ
275 1948 278 1989 Ι
321 1945 434 1990 stigio
467 1947 528 1981 Vn
566 1946 679 1991 stytio
708 1945 739 1980 G
836 1950 902 1981 160
929 1947 1076 1983 addidit
1107 1948 1141 1982 V
1174 1949 1335 1984 adstruit
1362 1949 1395 1983 T
1401 1949 1434 1984 G

81 1992 218 2027 astruit
235 1992 265 2027 0
338 1997 402 2028 161
425 1994 497 2028 aud
518 1993 552 2028 V
571 1995 576 2037 1
599 1993 791 2029 defi-onde:
814 1994 891 2028 efrf)
912 1994 953 2028 in
972 2005 1043 2030 ras.
1066 1996 1111 2030 αἶ.
1136 1995 1169 2029 V
1188 1998 1192 2039 Ι
1216 1995 1316 2030 dicat
1331 1996 1401 2031 ΟΖ
1425 1997 1429 2042 Ι

80 2039 155 2074 fres
177 2039 211 2073 V
233 2039 336 2074 fruns
359 2040 455 2075 OGi
480 2042 557 2075 frus
580 2040 612 2074 T
633 2043 636 2084 Ι
659 2044 743 2084 post
770 2044 834 2074 161
862 2042 1024 2085 sequitur
1048 2053 1084 2077 u.
1104 2045 1193 2078 145:
1222 2042 1292 2077 C'Z
1365 2047 1431 2078 162

80 2087 324 2131 praegredior
341 2087 376 2122 V
436 2091 502 2122 163
523 2087 674 2131 Pacate]
702 2088 852 2132 pauline
875 2087 946 2123 ΟΖ
1012 2092 1079 2123 164
1099 2100 1158 2133 pr.
1181 2090 1222 2124 iu
1240 2101 1352 2134 mary.
1371 2090 1404 2124 T
1425 2091 1429 2136 Ι

82 2133 191 2168 erinis
224 2133 475 2179 fiutchtiphile
503 2134 533 2170 C
567 2135 672 2168 uelut
703 2145 768 2169 om.
800 2134 833 2169 G
872 2146 918 2169 an
950 2135 1085 2180 tiphile
1114 2136 1147 2170 T
1178 2138 1183 2180 Ι
1217 2137 1304 2182 pax]
1342 2137 1432 2181 quid

81 2184 281 2217 atramento
316 2182 364 2216 cd.
397 2181 432 2216 V
524 2181 676 2216 Finiunt
706 2183 929 2226 monosyna.
972 2181 1075 2227 Inois)
1110 2182 1266 2228 Crippus
1304 2188 1364 2219 etc.
1403 2184 1436 2218 T

79 2227 182 2262 Finit
207 2229 252 2264 de
278 2228 559 2274 monosyllabis.
598 2228 734 2273 Incipit
759 2228 914 2274 crippus
941 2232 1001 2265 etc.
1030 2230 1063 2263 G

1473 232 1539 264 150

1473 526 1541 558 155

1471 821 1559 858 160,
