1563 2511
609 83 666 88 --
726 70 860 99 LXIIII
926 83 974 88 ·-—

116 165 139 205 †
172 166 216 198 86
242 161 361 207 (Voss.
387 164 442 207 19)
474 163 514 197 In
551 163 741 198 dodi-alem
768 162 887 197 VMK
925 163 978 197 De
1011 163 1126 198 dodra
1151 175 1176 208 g
1221 164 1273 199 De
1307 164 1465 208 quadam

331 210 482 254 potione
508 221 602 254 quae
629 211 670 244 fit
697 210 741 245 de
767 221 901 245 nouem
927 210 1036 245 rebus
1063 210 1122 255 Gz

118 272 141 310 †
175 272 218 303 87
247 268 364 313 (Voss.
386 270 445 313 20)
473 269 574 304 Idem
593 269 626 303 V
666 269 719 304 De
741 269 870 304 eadem
890 269 1042 313 potione
1063 280 1156 314 quae
1175 271 1331 305 uocatur
1351 271 1466 306 dodra

172 365 215 398 88
243 315 697 399 IdemGMKmngeZadem
726 363 825 406 quod
851 363 966 397 dodra
992 363 1040 398 sit
1062 363 1166 408 potio
1188 365 1225 398 et
1244 375 1415 400 numerus
1436 364 1466 399 G

331 409 385 445 De
414 411 542 446 eadem
570 411 686 445 dodra
711 422 735 455 p
763 410 892 456 [totum
919 421 1062 445 carmen
1087 411 1179 446 deest
1204 410 1232 445 T
1241 411 1279 458 χ]

173 472 217 503 89
243 468 287 504 In
317 469 405 504 iuris
438 470 647 504 consultum
672 469 705 503 K
746 470 798 503 De
824 468 914 503 iuris
942 469 1110 505 consulto
1138 470 1200 514 qui
1226 481 1376 506 uxorem
1402 471 1464 505 ha-

332 517 414 551 buit
440 517 648 552 adulteram
676 516 706 551 G
715 530 752 561 χ,
780 528 845 552 om.
873 529 896 561 p
923 527 1003 552 cum
1029 520 1104 552 cett.

151 567 215 598 131
243 564 301 598 Ad
328 564 511 608 quendam
539 563 603 607 qui
628 563 728 599 leuia
754 562 825 598 sibi
850 563 1004 609 inguina
1029 563 1193 598 faciebat
1213 563 1272 609 (ἐχ
1298 575 1363 600 om.
1391 568 1467 601 cett.

118 625 141 665 †
175 626 219 658 45
248 623 366 667 (Voss.
389 624 423 665 9)
450 623 579 664 iterum
612 622 676 657 hoc
707 623 930 667 epiyramma
964 626 995 657 et
1030 624 1171 667 quidem
1204 635 1247 658 ex
1280 635 1347 659 rec.
1381 625 1468 659 libri

340 669 510 705 Vossiam
537 670 668 715 leqitm·
693 670 751 705 hic
776 671 817 705 in
842 670 912 705 ΤΚ
951 670 992 704 In
1019 671 1182 705 statuam
1207 670 1306 706 Ruffi
1331 671 1363 705 Κ

189 720 233 752 90
260 728 292 751 11.
324 720 414 751 1—(3
440 716 483 750 In
508 717 660 761 Zoylum
687 716 718 751 K
756 717 814 751 Ad
840 717 982 752 Zoilum
1009 718 1073 762 qui
1097 729 1246 753 uxorem
1273 719 1467 754 moechum

332 764 489 798 duxerat
515 762 573 808 Gx
599 774 664 799 om.
691 776 714 808 p
742 775 822 798 cum
847 768 923 799 cett.

189 815 232 846 90
259 824 294 846 u.
322 816 413 846 7—8
451 810 507 845 Ad
539 812 689 846 mechos
721 811 754 845 Κ
804 810 908 853 Quod
941 811 1012 846 erit
1044 811 1260 847 exercitium
1292 813 1468 848 iuuenum

332 859 556 893 lasciuorum
591 858 883 903 (lasciuientium
918 858 961 903 G)
1002 858 1040 893 in
1074 861 1263 895 senectute
1295 860 1379 904 TG,
1402 859 1466 905 (lp

331 906 415 952 [om.
438 906 475 940 M
502 906 566 950 qui
590 917 665 940 mm
690 909 837 950 separat
861 907 924 941 hos
949 917 1075 941 uersus
1100 918 1123 941 a
1143 908 1348 954 prioribus]

188 956 230 987 91
258 953 299 987 In
324 953 490 987 Marcum
511 952 589 986 MK
633 953 691 987 Ad
719 964 882 988 marcum
907 966 930 998 p
969 953 1026 987 Ad.
1051 964 1217 988 marcum
1243 955 1403 990 amicum
1424 955 1468 991 de

331 1000 518 1035 discordia
544 1011 656 1045 quam
683 999 797 1035 habet
824 1000 1002 1044 (habebat
1028 1000 1073 1045 G)
1100 1012 1182 1035 cum
1209 1002 1344 1046 puellis
1370 1002 1467 1047 TGx

116 1049 139 1089 †
191 1051 234 1082 92
263 1047 382 1092 (Voss.
405 1049 464 1091 21)
497 1046 646 1082 Diseros
675 1047 722 1082 V:
763 1052 804 1083 91
839 1051 871 1082 et
904 1051 947 1082 92
983 1060 1098 1083 mmm
1130 1049 1293 1092 efficiunt
1325 1061 1469 1086 carmen

329 1096 370 1129 in
397 1095 495 1139 ZTp

190 1144 232 1175 41
260 1141 314 1176 De
345 1141 498 1177 Chresto
526 1142 563 1175 et
584 1141 741 1176 Acidino
770 1141 968 1186 (Acindino
989 1141 1035 1186 G)
1062 1142 1195 1187 quibus
1221 1143 1342 1179 fuerat
1368 1144 1466 1179 male

331 1189 440 1232 (male
473 1188 594 1223 fuerat
628 1188 672 1233 G)
705 1200 837 1223 nomen
869 1188 1085 1234 impositum
1119 1189 1188 1224 TG
1238 1191 1291 1225 De
1325 1191 1467 1226 duobus

330 1236 505 1271 fratribus
533 1239 593 1271 etc.
622 1236 652 1269 K
690 1247 754 1272 om.
785 1236 821 1270 M

187 1286 231 1317 93
258 1282 460 1318 Pulchrum
487 1283 547 1318 dei
566 1294 783 1328 responsum
805 1283 863 1327 Gx
903 1283 972 1318 Dei
991 1295 1208 1329 responsum
1228 1284 1256 1318 T
1295 1286 1348 1320 De
1367 1285 1465 1331 Hyla

329 1330 478 1376 Phegeo
506 1332 543 1365 et
569 1331 656 1365 Lico
683 1331 715 1365 K
754 1342 820 1365 om.
849 1331 885 1364 M

188 1380 232 1412 94
258 1390 291 1412 u.
317 1383 332 1412 1
356 1389 406 1422 sq.
434 1376 633 1412 Hermione
662 1377 692 1411 K
717 1379 836 1422 spatio
862 1379 984 1414 relicto
1010 1380 1063 1413 tit.
1092 1390 1156 1413 om.
1185 1378 1298 1414 TMG

188 1439 231 1470 94
258 1449 290 1471 u.
314 1441 334 1471 3
356 1449 408 1481 sq.
435 1438 594 1481 spatiwm
620 1437 782 1471 relictum
809 1436 878 1471 TG
915 1438 975 1472 sed
1002 1438 1130 1472 titulus
1155 1439 1249 1473 deest
1268 1443 1309 1474 ut
1328 1441 1369 1475 in
1389 1445 1463 1477 cett.

188 1500 232 1531 30
260 1496 359 1531 Mixo
387 1496 503 1540 (Miho
531 1495 576 1539 G)
608 1495 809 1530 barbarum
844 1498 924 1541 (ron
952 1496 1027 1541 M?)
1066 1496 1191 1532 Liberi
1216 1498 1334 1544 patris
1361 1499 1465 1545 signo

329 1555 535 1578 marmoreo
561 1543 600 1578 in
625 1543 717 1578 uilla
740 1545 868 1579 nostra
889 1544 1052 1578 omnium
1074 1545 1226 1580 deorum
1247 1548 1466 1591 argumenta

329 1590 503 1626 habentis
532 1590 700 1635 (habenti
719 1590 834 1634 MPG)
861 1590 974 1626 TMG
1016 1592 1069 1627 De
1095 1593 1306 1628 nominibus
1327 1593 1465 1629 Bacchi

330 1659 372 1663 —
401 1637 700 1673 mixobarbarum
728 1658 771 1663 —
797 1638 829 1672 K

188 1688 231 1719 95
258 1685 376 1730 Hylae
403 1685 440 1719 M
486 1686 525 1719 ln
558 1684 683 1720 Hilam
715 1697 869 1730 puerum
902 1686 934 1720 K
984 1686 1038 1721 De
1070 1687 1168 1731 Hyla
1198 1689 1304 1732 rapto
1331 1687 1359 1721 T
1410 1689 1463 1724 De

330 1733 426 1776 Hyla
452 1743 562 1776 quem
588 1732 749 1767 Naiades
776 1734 979 1777 rapuerunt
1005 1733 1035 1768 G

188 1782 232 1813 96
259 1780 441 1824 Nymphis
469 1779 540 1825 (Ad
567 1779 757 1824 Nymphas
786 1780 829 1824 K)
875 1792 968 1824 quae
1001 1781 1137 1825 Hylam
1169 1784 1376 1817 merserunt
1402 1783 1464 1818 ZT

189 1829 231 1860 97
258 1827 431 1862 Narcisso
460 1828 496 1861 M
540 1827 580 1861 In
607 1827 811 1871 Narcysum
838 1828 868 1861 K
907 1828 963 1862 Ad
990 1828 1186 1863 Narcisum
1212 1828 1241 1862 T
1292 1830 1345 1864 De
1372 1830 1464 1865 Nar-

330 1873 425 1909 cisso
453 1874 515 1918 qui
541 1874 597 1908 sui
622 1874 739 1919 ipsius
768 1886 891 1909 amore
918 1879 1048 1920 captus
1074 1876 1153 1911 erat
1179 1876 1209 1911 G
1218 1889 1238 1920 χ

188 1923 231 1954 98
258 1920 359 1955 Ideu]
387 1922 421 1955 M
433 1923 463 1956 K
508 1922 560 1956 De
589 1922 717 1956 eodem
743 1921 771 1955 T
810 1923 862 1957 De
890 1923 990 1958 Echo
1018 1923 1166 1958 dolente
1193 1925 1343 1968 propter
1368 1935 1462 1959 mor-

329 1970 406 2002 tem
421 1967 585 2004 Narcissi
600 1969 658 2013 Gz
685 1969 743 2014 [in
763 1970 893 2014 quibus
913 1973 957 2004 98
973 1974 1004 2005 et
1019 1974 1062 2005 99
1083 1981 1157 2005 non
1175 1975 1261 2005 sunt
1279 1972 1456 2017 separati]

187 2018 230 2048 99
258 2014 357 2050 Echo
384 2015 422 2048 M
467 2016 519 2050 De
548 2015 646 2051 Echo
679 2017 828 2051 dolente
856 2019 1006 2062 propter
1033 2020 1189 2053 mortem
1215 2017 1361 2053 Narcisi
1390 2019 1461 2053 TK

330 2063 389 2108 [de
416 2064 474 2106 Gx
500 2064 577 2098 uid.
605 2064 654 2098 ad
680 2063 740 2107 98]

166 2112 232 2143 100
259 2109 533 2145 Hermafrodito
565 2110 602 2144 M
647 2110 688 2144 In
714 2111 1036 2156 Hermaphrocton
1062 2112 1094 2146 K
1138 2111 1191 2146 De
1219 2112 1464 2157 Hermophro·

328 2157 406 2191 dito
434 2159 471 2192 et
497 2158 573 2193 eius
600 2158 732 2193 natura
758 2158 825 2192 TG

167 2207 230 2237 101
259 2203 312 2238 De
340 2204 597 2240 coniunctione
632 2205 808 2240 Salmacis
836 2217 919 2240 cum
945 2206 1258 2251 Hermophrodito
1295 2207 1362 2241 TG
1398 2217 1463 2241 om.

329 2251 406 2285 MK
434 2252 519 2297 [100
549 2256 579 2287 et
610 2256 672 2287 101
706 2254 898 2288 coniuncta
927 2254 967 2288 in
997 2254 1088 2288 TM:
1126 2254 1167 2288 in
1199 2252 1227 2286 T
1259 2254 1464 2289 rubricator

327 2300 487 2334 seiunxit
514 2301 726 2345 titulumque
751 2301 792 2335 in
817 2302 980 2346 maryz'ne
1006 2302 1210 2346 adscripsit.
