<?xml version="1.0" encoding="UTF-8"?>
<!DOCTYPE html PUBLIC "-//W3C//DTD XHTML 1.0 Transitional//EN"
    "http://www.w3.org/TR/xhtml1/DTD/xhtml1-transitional.dtd">
<html xmlns="http://www.w3.org/1999/xhtml" xml:lang="en" lang="en">
 <head>
  <title>
</title>
<meta http-equiv="Content-Type" content="text/html;charset=utf-8" />
  <meta name='ocr-system' content='tesseract 3.04.00' />
  <meta name='ocr-capabilities' content='ocr_page ocr_carea ocr_par ocr_line ocrx_word'/>
</head>
<body>
  <div class='ocr_page' id='page_1' title='image "./opuscula00ausouoft/opuscula00ausouoft_0039.png"; bbox 0 0 1563 2511; ppageno 0'>
   <div class='ocr_carea' id='block_1_1' title="bbox 578 94 933 123">
    <p class='ocr_par' dir='ltr' id='par_1_1' title="bbox 578 94 933 123">
     <span class='ocr_line' id='line_1_1' title="bbox 578 94 933 123; baseline 0.003 -1"><span class='ocrx_word' id='word_1_1' title='bbox 578 106 624 111; x_wconf 83' lang='grc'><strong>-</strong></span> <span class='ocrx_word' id='word_1_2' title='bbox 692 94 818 123; x_wconf 84' lang='lat' dir='ltr'>XXXV</span> <span class='ocrx_word' id='word_1_3' title='bbox 882 106 933 112; x_wconf 72' lang='grc'>’-</span> 
     </span>
    </p>
   </div>
   <div class='ocr_carea' id='block_1_2' title="bbox 80 184 1427 559">
    <p class='ocr_par' dir='ltr' id='par_1_2' title="bbox 129 184 1427 373">
     <span class='ocr_line' id='line_1_2' title="bbox 289 184 1424 231; baseline 0.003 -13"><span class='ocrx_word' id='word_1_4' title='bbox 289 184 424 229; x_wconf 86' lang='lat' dir='ltr'>Incipit</span> <span class='ocrx_word' id='word_1_5' title='bbox 454 184 535 219; x_wconf 90' lang='lat' dir='ltr'>laus</span> <span class='ocrx_word' id='word_1_6' title='bbox 568 187 620 219; x_wconf 69' lang='lat' dir='ltr'>sffi</span> <span class='ocrx_word' id='word_1_7' title='bbox 650 184 811 219; x_wconf 81' lang='lat' dir='ltr'>iohanni.</span> <span class='ocrx_word' id='word_1_8' title='bbox 876 184 1024 219; x_wconf 82' lang='lat' dir='ltr'><strong>Summe</strong></span> <span class='ocrx_word' id='word_1_9' title='bbox 1058 187 1166 231; x_wconf 85' lang='lat' dir='ltr'>pater</span> <span class='ocrx_word' id='word_1_10' title='bbox 1202 196 1324 219; x_wconf 85' lang='lat' dir='ltr'>rerum</span> <span class='ocrx_word' id='word_1_11' title='bbox 1362 189 1424 221; x_wconf 76' lang='lat' dir='ltr'>ete.</span> 
     </span>
     <span class='ocr_line' id='line_1_3' title="bbox 1093 232 1424 279; baseline 0.003 -13"><span class='ocrx_word' id='word_1_12' title='bbox 1093 232 1265 278; x_wconf 75' lang='lat' dir='ltr'>[Paulini</span> <span class='ocrx_word' id='word_1_13' title='bbox 1290 243 1317 267; x_wconf 82' lang='lat' dir='ltr'>c.</span> <span class='ocrx_word' id='word_1_14' title='bbox 1351 233 1424 279; x_wconf 85' lang='lat' dir='ltr'>VI]</span> 
     </span>
     <span class='ocr_line' id='line_1_4' title="bbox 129 278 1427 323; baseline 0.001 -10"><span class='ocrx_word' id='word_1_15' title='bbox 129 280 156 322; x_wconf 84' lang='lat' dir='ltr'>f.</span> <span class='ocrx_word' id='word_1_16' title='bbox 177 280 359 313; x_wconf 73' lang='lat' dir='ltr'>111v1nc.</span> <span class='ocrx_word' id='word_1_17' title='bbox 392 279 520 313; x_wconf 87' lang='lat' dir='ltr'>laudes</span> <span class='ocrx_word' id='word_1_18' title='bbox 558 278 697 313; x_wconf 87' lang='lat' dir='ltr'>domini</span> <span class='ocrx_word' id='word_1_19' title='bbox 735 289 816 313; x_wconf 86' lang='lat' dir='ltr'>curn</span> <span class='ocrx_word' id='word_1_20' title='bbox 854 278 1033 314; x_wconf 87' lang='lat' dir='ltr'>miraculo</span> <span class='ocrx_word' id='word_1_21' title='bbox 1072 280 1170 323; x_wconf 86' lang='lat' dir='ltr'>quod</span> <span class='ocrx_word' id='word_1_22' title='bbox 1206 280 1351 314; x_wconf 85' lang='lat' dir='ltr'>accedit</span> <span class='ocrx_word' id='word_1_23' title='bbox 1387 281 1427 314; x_wconf 89' lang='lat' dir='ltr'>in</span> 
     </span>
     <span class='ocr_line' id='line_1_5' title="bbox 992 326 1423 373; baseline 0.002 -13"><span class='ocrx_word' id='word_1_24' title='bbox 992 326 1156 361; x_wconf 89' lang='lat' dir='ltr'>Aeduico</span> <span class='ocrx_word' id='word_1_25' title='bbox 1185 327 1316 372; x_wconf 80' lang='lat' dir='ltr'>[Fabr.</span> <span class='ocrx_word' id='word_1_26' title='bbox 1339 327 1423 373; x_wconf 79' lang='lat'>765]</span> 
     </span>
    </p>

    <p class='ocr_par' dir='ltr' id='par_1_3' title="bbox 127 372 1424 513">
     <span class='ocr_line' id='line_1_6' title="bbox 129 372 846 418; baseline -0.001 -10"><span class='ocrx_word' id='word_1_27' title='bbox 129 373 154 416; x_wconf 82' lang='lat' dir='ltr'>f.</span> <span class='ocrx_word' id='word_1_28' title='bbox 177 372 360 408; x_wconf 70' lang='lat' dir='ltr'>114v1nc.</span> <span class='ocrx_word' id='word_1_29' title='bbox 387 374 499 408; x_wconf 89' lang='lat' dir='ltr'>heroo</span> <span class='ocrx_word' id='word_1_30' title='bbox 526 373 573 408; x_wconf 89' lang='lat' dir='ltr'>ad</span> <span class='ocrx_word' id='word_1_31' title='bbox 599 383 709 418; x_wconf 88' lang='lat' dir='ltr'>quem</span> <span class='ocrx_word' id='word_1_32' title='bbox 735 383 846 417; x_wconf 89' lang='lat' dir='ltr'>supra</span> 
     </span>
     <span class='ocr_line' id='line_1_7' title="bbox 288 420 1424 467; baseline 0 -13"><span class='ocrx_word' id='word_1_33' title='bbox 288 421 365 454; x_wconf 89' lang='lat' dir='ltr'>Iam</span> <span class='ocrx_word' id='word_1_34' title='bbox 391 420 484 454; x_wconf 90' lang='lat' dir='ltr'>mihi</span> <span class='ocrx_word' id='word_1_35' title='bbox 509 420 689 465; x_wconf 81' lang='lat' dir='ltr'>polliceor</span> <span class='ocrx_word' id='word_1_36' title='bbox 715 423 775 454; x_wconf 81' lang='lat' dir='ltr'>etc.</span> <span class='ocrx_word' id='word_1_37' title='bbox 1016 420 1194 466; x_wconf 71' lang='lat' dir='ltr'>[Paulini</span> <span class='ocrx_word' id='word_1_38' title='bbox 1219 432 1244 456; x_wconf 84' lang='lat' dir='ltr'>c.</span> <span class='ocrx_word' id='word_1_39' title='bbox 1268 421 1424 467; x_wconf 89' lang='lat' dir='ltr'><em>XXII]</em></span> 
     </span>
     <span class='ocr_line' id='line_1_8' title="bbox 127 467 1422 520; baseline 0.002 -19"><span class='ocrx_word' id='word_1_40' title='bbox 127 468 153 510; x_wconf 83' lang='lat' dir='ltr'>f.</span> <span class='ocrx_word' id='word_1_41' title='bbox 175 469 247 502; x_wconf 89' lang='grc'>118</span> <span class='ocrx_word' id='word_1_42' title='bbox 282 467 355 502; x_wconf 93' lang='grc' dir='ltr'><em>Ι110.</em></span> <span class='ocrx_word' id='word_1_43' title='bbox 376 467 534 502; x_wconf 90' lang='lat' dir='ltr'>Bebiani</span> <span class='ocrx_word' id='word_1_44' title='bbox 554 467 698 502; x_wconf 87' lang='lat' dir='ltr'>diuerso</span> <span class='ocrx_word' id='word_1_45' title='bbox 719 467 829 502; x_wconf 89' lang='lat' dir='ltr'>modo</span> <span class='ocrx_word' id='word_1_46' title='bbox 850 468 886 501; x_wconf 89' lang='lat' dir='ltr'>et</span> <span class='ocrx_word' id='word_1_47' title='bbox 905 470 1024 502; x_wconf 85' lang='lat' dir='ltr'>metro</span> <span class='ocrx_word' id='word_1_48' title='bbox 1046 468 1166 502; x_wconf 86' lang='lat' dir='ltr'>dictus</span> <span class='ocrx_word' id='word_1_49' title='bbox 1173 467 1318 520; x_wconf 65' lang='lat' dir='ltr'>[Fabr.</span> <span class='ocrx_word' id='word_1_50' title='bbox 1335 469 1422 513; x_wconf 86' lang='lat'><strong><em>775]</em></strong></span> 
     </span>
    </p>

    <p class='ocr_par' dir='ltr' id='par_1_4' title="bbox 80 513 1240 559">
     <span class='ocr_line' id='line_1_9' title="bbox 80 513 1240 559; baseline 0 -10"><span class='ocrx_word' id='word_1_51' title='bbox 80 525 104 549; x_wconf 88' lang='lat' dir='ltr'>a</span> <span class='ocrx_word' id='word_1_52' title='bbox 123 515 150 557; x_wconf 76' lang='lat' dir='ltr'>f.</span> <span class='ocrx_word' id='word_1_53' title='bbox 172 518 242 550; x_wconf 76' lang='lat'>121</span> <span class='ocrx_word' id='word_1_54' title='bbox 283 521 456 550; x_wconf 87' lang='lat' dir='ltr'>secuntur</span> <span class='ocrx_word' id='word_1_55' title='bbox 481 515 582 550; x_wconf 89' lang='lat' dir='ltr'>Flori</span> <span class='ocrx_word' id='word_1_56' title='bbox 609 513 866 559; x_wconf 81' lang='lat' dir='ltr'>Lugdunensis</span> <span class='ocrx_word' id='word_1_57' title='bbox 892 513 1041 549; x_wconf 84' lang='lat' dir='ltr'>diaconi</span> <span class='ocrx_word' id='word_1_58' title='bbox 1068 515 1240 550; x_wconf 86' lang='lat' dir='ltr'>carmina.</span> 
     </span>
    </p>
   </div>
   <div class='ocr_carea' id='block_1_3' title="bbox 645 598 857 605">
    <p class='ocr_par' dir='ltr' id='par_1_5' title="bbox 645 598 857 605">
     <span class='ocr_line' id='line_1_10' title="bbox 645 598 857 605; baseline 0 0"><span class='ocrx_word' id='word_1_59' title='bbox 645 598 857 605; x_wconf 95' lang='lat' dir='ltr'> </span> 
     </span>
    </p>
   </div>
   <div class='ocr_carea' id='block_1_4' title="bbox 76 656 1425 1241">
    <p class='ocr_par' dir='ltr' id='par_1_6' title="bbox 76 656 1425 1241">
     <span class='ocr_line' id='line_1_11' title="bbox 168 656 1425 712; baseline 0.001 -14"><span class='ocrx_word' id='word_1_60' title='bbox 168 656 209 698; x_wconf 90' lang='lat' dir='ltr'>N</span> <span class='ocrx_word' id='word_1_61' title='bbox 213 657 338 712; x_wconf 82' lang='lat' dir='ltr'>egaui</span> <span class='ocrx_word' id='word_1_62' title='bbox 358 657 461 699; x_wconf 90' lang='lat' dir='ltr'>olim</span> <span class='ocrx_word' id='word_1_63' title='bbox 481 658 663 699; x_wconf 88' lang='lat' dir='ltr'>Ausonii</span> <span class='ocrx_word' id='word_1_64' title='bbox 683 657 736 698; x_wconf 89' lang='lat' dir='ltr'>ad</span> <span class='ocrx_word' id='word_1_65' title='bbox 755 657 994 709; x_wconf 85' lang='lat' dir='ltr'>Paulinum,</span> <span class='ocrx_word' id='word_1_66' title='bbox 1022 657 1192 699; x_wconf 86' lang='lat' dir='ltr'>Paulini</span> <span class='ocrx_word' id='word_1_67' title='bbox 1213 658 1266 699; x_wconf 91' lang='lat' dir='ltr'>ad</span> <span class='ocrx_word' id='word_1_68' title='bbox 1288 659 1425 700; x_wconf 89' lang='lat' dir='ltr'>Auso-</span> 
     </span>
     <span class='ocr_line' id='line_1_12' title="bbox 79 716 1425 771; baseline 0 -14"><span class='ocrx_word' id='word_1_69' title='bbox 79 717 197 758; x_wconf 90' lang='lat' dir='ltr'>nium</span> <span class='ocrx_word' id='word_1_70' title='bbox 219 716 426 771; x_wconf 71' lang='lat' dir='ltr'>epistulas</span> <span class='ocrx_word' id='word_1_71' title='bbox 442 731 492 757; x_wconf 82' lang='lat' dir='ltr'>ex</span> <span class='ocrx_word' id='word_1_72' title='bbox 506 716 770 758; x_wconf 89' lang='lat' dir='ltr'>conlectione</span> <span class='ocrx_word' id='word_1_73' title='bbox 787 717 1037 758; x_wconf 88' lang='lat' dir='ltr'>Ausoniana</span> <span class='ocrx_word' id='word_1_74' title='bbox 1056 717 1101 758; x_wconf 91' lang='lat' dir='ltr'>in</span> <span class='ocrx_word' id='word_1_75' title='bbox 1114 716 1425 771; x_wconf 87' lang='lat' dir='ltr'>Paulinianam,</span> 
     </span>
     <span class='ocr_line' id='line_1_13' title="bbox 80 774 1425 831; baseline 0 -15"><span class='ocrx_word' id='word_1_76' title='bbox 80 790 207 830; x_wconf 90' lang='lat' dir='ltr'>quam</span> <span class='ocrx_word' id='word_1_77' title='bbox 222 790 309 817; x_wconf 91' lang='lat' dir='ltr'>non</span> <span class='ocrx_word' id='word_1_78' title='bbox 324 778 482 827; x_wconf 89' lang='lat' dir='ltr'>auctor,</span> <span class='ocrx_word' id='word_1_79' title='bbox 504 775 577 816; x_wconf 91' lang='lat' dir='ltr'>sed</span> <span class='ocrx_word' id='word_1_80' title='bbox 593 774 803 817; x_wconf 84' lang='lat' dir='ltr'>Gallicani</span> <span class='ocrx_word' id='word_1_81' title='bbox 824 776 951 817; x_wconf 90' lang='lat' dir='ltr'>amici</span> <span class='ocrx_word' id='word_1_82' title='bbox 967 775 1056 816; x_wconf 89' lang='lat' dir='ltr'>eius</span> <span class='ocrx_word' id='word_1_83' title='bbox 1077 774 1425 831; x_wconf 73' lang='lat' dir='ltr'>institiierunt*)‚</span> 
     </span>
     <span class='ocr_line' id='line_1_14' title="bbox 79 834 1424 889; baseline 0.001 -14"><span class='ocrx_word' id='word_1_84' title='bbox 79 849 171 875; x_wconf 89' lang='lat' dir='ltr'>esse</span> <span class='ocrx_word' id='word_1_85' title='bbox 209 834 444 876; x_wconf 89' lang='lat' dir='ltr'>translatas</span> <span class='ocrx_word' id='word_1_86' title='bbox 483 838 524 875; x_wconf 90' lang='lat' dir='ltr'>et</span> <span class='ocrx_word' id='word_1_87' title='bbox 563 834 777 889; x_wconf 83' lang='lat' dir='ltr'>duplicem</span> <span class='ocrx_word' id='word_1_88' title='bbox 815 834 970 876; x_wconf 84' lang='lat' dir='ltr'>horum</span> <span class='ocrx_word' id='word_1_89' title='bbox 1009 835 1244 876; x_wconf 83' lang='lat' dir='ltr'>carminum</span> <span class='ocrx_word' id='word_1_90' title='bbox 1281 849 1424 876; x_wconf 83' lang='lat' dir='ltr'>recen-</span> 
     </span>
     <span class='ocr_line' id='line_1_15' title="bbox 79 891 1425 949; baseline 0.001 -15"><span class='ocrx_word' id='word_1_91' title='bbox 79 894 242 934; x_wconf 86' lang='lat' dir='ltr'>sionem</span> <span class='ocrx_word' id='word_1_92' title='bbox 262 893 460 948; x_wconf 86' lang='lat' dir='ltr'>inprimis</span> <span class='ocrx_word' id='word_1_93' title='bbox 481 894 690 947; x_wconf 72' lang='lat' dir='ltr'>epistulae</span> <span class='ocrx_word' id='word_1_94' title='bbox 707 893 874 935; x_wconf 83' lang='lat' dir='ltr'>XXVII</span> <span class='ocrx_word' id='word_1_95' title='bbox 890 891 1101 949; x_wconf 80' lang='lat' dir='ltr'>(XXIIII)</span> <span class='ocrx_word' id='word_1_96' title='bbox 1122 893 1228 934; x_wconf 91' lang='lat' dir='ltr'>mihi</span> <span class='ocrx_word' id='word_1_97' title='bbox 1247 893 1425 935; x_wconf 87' lang='lat' dir='ltr'>uidebar</span> 
     </span>
     <span class='ocr_line' id='line_1_16' title="bbox 79 951 1423 1007; baseline 0 -14"><span class='ocrx_word' id='word_1_98' title='bbox 79 952 408 1006; x_wconf 85' lang='lat' dir='ltr'>deprehendisse</span> <span class='ocrx_word' id='word_1_99' title='bbox 458 951 647 1005; x_wconf 87' lang='lat' dir='ltr'>(Ueberl.</span> <span class='ocrx_word' id='word_1_100' title='bbox 694 953 777 994; x_wconf 80' lang='lat'>327</span> <span class='ocrx_word' id='word_1_101' title='bbox 802 952 912 1007; x_wconf 86' lang='lat' dir='ltr'>sqq.)</span> <span class='ocrx_word' id='word_1_102' title='bbox 920 986 931 1007; x_wconf 85' lang='lat'>,</span> <span class='ocrx_word' id='word_1_103' title='bbox 982 952 1162 994; x_wconf 88' lang='lat' dir='ltr'>alteram</span> <span class='ocrx_word' id='word_1_104' title='bbox 1214 953 1423 994; x_wconf 89' lang='lat' dir='ltr'>librorum</span> 
     </span>
     <span class='ocr_line' id='line_1_17' title="bbox 78 1009 1423 1066; baseline 0 -14"><span class='ocrx_word' id='word_1_105' title='bbox 78 1027 104 1052; x_wconf 84' lang='grc' dir='ltr'><em>α</em></span> <span class='ocrx_word' id='word_1_106' title='bbox 132 1011 205 1065; x_wconf 83' lang='lat'>(=</span> <span class='ocrx_word' id='word_1_107' title='bbox 235 1009 409 1066; x_wconf 84' lang='lat' dir='ltr'>VPH),</span> <span class='ocrx_word' id='word_1_108' title='bbox 442 1011 622 1052; x_wconf 86' lang='lat' dir='ltr'>alteram</span> <span class='ocrx_word' id='word_1_109' title='bbox 648 1013 676 1065; x_wconf 86' lang='grc' dir='ltr'><strong><em>β</em></strong></span> <span class='ocrx_word' id='word_1_110' title='bbox 707 1010 783 1066; x_wconf 91' lang='lat'>(=</span> <span class='ocrx_word' id='word_1_111' title='bbox 804 1009 920 1066; x_wconf 79' lang='lat' dir='ltr'><strong><em>SR).</em></strong></span> <span class='ocrx_word' id='word_1_112' title='bbox 971 1009 1249 1052; x_wconf 83' lang='lat' dir='ltr'>Schenkelius</span> <span class='ocrx_word' id='word_1_113' title='bbox 1276 1014 1423 1052; x_wconf 86' lang='lat' dir='ltr'>contra</span> 
     </span>
     <span class='ocr_line' id='line_1_18' title="bbox 79 1069 1423 1123; baseline 0 -12"><span class='ocrx_word' id='word_1_114' title='bbox 79 1071 335 1123; x_wconf 70' lang='lat' dir='ltr'>scripturam</span> <span class='ocrx_word' id='word_1_115' title='bbox 367 1070 576 1111; x_wconf 89' lang='lat' dir='ltr'>librorum</span> <span class='ocrx_word' id='word_1_116' title='bbox 609 1071 636 1123; x_wconf 87' lang='grc' dir='ltr'><em>β</em></span> <span class='ocrx_word' id='word_1_117' title='bbox 668 1070 830 1111; x_wconf 76' lang='lat' dir='ltr'>lacunis</span> <span class='ocrx_word' id='word_1_118' title='bbox 865 1069 1148 1111; x_wconf 74' lang='lat' dir='ltr'>deformatam</span> <span class='ocrx_word' id='word_1_119' title='bbox 1183 1084 1231 1111; x_wconf 87' lang='lat' dir='ltr'>ac</span> <span class='ocrx_word' id='word_1_120' title='bbox 1265 1072 1423 1111; x_wconf 89' lang='lat' dir='ltr'>temere</span> 
     </span>
     <span class='ocr_line' id='line_1_19' title="bbox 77 1128 1423 1183; baseline 0.001 -14"><span class='ocrx_word' id='word_1_121' title='bbox 77 1129 382 1182; x_wconf 73' lang='lat' dir='ltr'>interpolatam</span> <span class='ocrx_word' id='word_1_122' title='bbox 421 1131 565 1169; x_wconf 89' lang='lat' dir='ltr'>censet</span> <span class='ocrx_word' id='word_1_123' title='bbox 596 1132 723 1182; x_wconf 88' lang='lat' dir='ltr'>atque</span> <span class='ocrx_word' id='word_1_124' title='bbox 751 1143 800 1170; x_wconf 79' lang='lat' dir='ltr'>ex</span> <span class='ocrx_word' id='word_1_125' title='bbox 828 1129 1044 1169; x_wconf 90' lang='lat' dir='ltr'>communi</span> <span class='ocrx_word' id='word_1_126' title='bbox 1073 1128 1193 1169; x_wconf 85' lang='lat' dir='ltr'>fonte</span> <span class='ocrx_word' id='word_1_127' title='bbox 1220 1131 1423 1183; x_wconf 83' lang='lat' dir='ltr'>utrosque</span> 
     </span>
     <span class='ocr_line' id='line_1_20' title="bbox 76 1187 1422 1241; baseline 0 -13"><span class='ocrx_word' id='word_1_128' title='bbox 76 1187 260 1229; x_wconf 86' lang='lat' dir='ltr'>fluxisse.</span> <span class='ocrx_word' id='word_1_129' title='bbox 305 1187 435 1228; x_wconf 89' lang='lat' dir='ltr'>dubia</span> <span class='ocrx_word' id='word_1_130' title='bbox 459 1202 526 1228; x_wconf 87' lang='lat' dir='ltr'>res</span> <span class='ocrx_word' id='word_1_131' title='bbox 553 1190 631 1241; x_wconf 87' lang='lat' dir='ltr'>est,</span> <span class='ocrx_word' id='word_1_132' title='bbox 657 1187 763 1228; x_wconf 84' lang='lat' dir='ltr'>illud</span> <span class='ocrx_word' id='word_1_133' title='bbox 789 1190 935 1229; x_wconf 89' lang='lat' dir='ltr'>tamen</span> <span class='ocrx_word' id='word_1_134' title='bbox 956 1187 1241 1229; x_wconf 86' lang='lat' dir='ltr'>certissimum</span> <span class='ocrx_word' id='word_1_135' title='bbox 1265 1188 1422 1228; x_wconf 86' lang='lat' dir='ltr'>librum</span> 
     </span>
    </p>
   </div>
   <div class='ocr_carea' id='block_1_5' title="bbox 75 1245 1424 1419">
    <p class='ocr_par' dir='ltr' id='par_1_7' title="bbox 75 1245 1424 1419">
     <span class='ocr_line' id='line_1_21' title="bbox 78 1245 1424 1302; baseline 0.001 -15"><span class='ocrx_word' id='word_1_136' title='bbox 78 1249 139 1301; x_wconf 83' lang='lat' dir='ltr'>H,</span> <span class='ocrx_word' id='word_1_137' title='bbox 178 1246 290 1302; x_wconf 91' lang='lat' dir='ltr'>quod</span> <span class='ocrx_word' id='word_1_138' title='bbox 327 1246 512 1301; x_wconf 85' lang='lat' dir='ltr'>mireris,</span> <span class='ocrx_word' id='word_1_139' title='bbox 551 1261 648 1287; x_wconf 85' lang='lat' dir='ltr'>mox</span> <span class='ocrx_word' id='word_1_140' title='bbox 691 1260 785 1288; x_wconf 90' lang='lat' dir='ltr'>cum</span> <span class='ocrx_word' id='word_1_141' title='bbox 825 1245 1040 1288; x_wconf 90' lang='lat' dir='ltr'>Vossiano</span> <span class='ocrx_word' id='word_1_142' title='bbox 1085 1248 1328 1300; x_wconf 88' lang='lat' dir='ltr'>conspirare</span> <span class='ocrx_word' id='word_1_143' title='bbox 1362 1248 1424 1300; x_wconf 85' lang='lat' dir='ltr'>(et</span> 
     </span>
     <span class='ocr_line' id='line_1_22' title="bbox 78 1304 1423 1360; baseline -0.001 -14"><span class='ocrx_word' id='word_1_144' title='bbox 78 1306 248 1359; x_wconf 90' lang='lat' dir='ltr'>quidem</span> <span class='ocrx_word' id='word_1_145' title='bbox 286 1305 330 1346; x_wconf 91' lang='lat' dir='ltr'>in</span> <span class='ocrx_word' id='word_1_146' title='bbox 368 1305 549 1347; x_wconf 85' lang='lat' dir='ltr'>Ausonii</span> <span class='ocrx_word' id='word_1_147' title='bbox 587 1305 780 1347; x_wconf 88' lang='lat' dir='ltr'>oratione</span> <span class='ocrx_word' id='word_1_148' title='bbox 820 1308 860 1346; x_wconf 92' lang='lat' dir='ltr'>et</span> <span class='ocrx_word' id='word_1_149' title='bbox 899 1320 960 1360; x_wconf 91' lang='lat' dir='ltr'>ep.</span> <span class='ocrx_word' id='word_1_150' title='bbox 993 1304 1162 1347; x_wconf 85' lang='lat' dir='ltr'>XXVII</span> <span class='ocrx_word' id='word_1_151' title='bbox 1204 1304 1423 1360; x_wconf 86' lang='lat' dir='ltr'>(XXIIII),</span> 
     </span>
     <span class='ocr_line' id='line_1_23' title="bbox 75 1362 1424 1419; baseline 0.001 -14"><span class='ocrx_word' id='word_1_152' title='bbox 75 1364 244 1406; x_wconf 84' lang='lat' dir='ltr'>Paulini</span> <span class='ocrx_word' id='word_1_153' title='bbox 276 1379 306 1405; x_wconf 92' lang='lat' dir='ltr'>c.</span> <span class='ocrx_word' id='word_1_154' title='bbox 340 1364 378 1405; x_wconf 91' lang='lat' dir='ltr'>X</span> <span class='ocrx_word' id='word_1_155' title='bbox 414 1364 635 1418; x_wconf 80' lang='grc'><em>19-102,</em></span> <span class='ocrx_word' id='word_1_156' title='bbox 670 1365 898 1406; x_wconf 83' lang='lat'>103—331</span> <span class='ocrx_word' id='word_1_157' title='bbox 934 1367 976 1406; x_wconf 91' lang='lat' dir='ltr'>et</span> <span class='ocrx_word' id='word_1_158' title='bbox 1002 1379 1035 1406; x_wconf 90' lang='lat' dir='ltr'>c.</span> <span class='ocrx_word' id='word_1_159' title='bbox 1061 1362 1141 1419; x_wconf 87' lang='lat' dir='ltr'>XI)</span> <span class='ocrx_word' id='word_1_160' title='bbox 1175 1367 1303 1419; x_wconf 91' lang='lat' dir='ltr'>atque</span> <span class='ocrx_word' id='word_1_161' title='bbox 1336 1379 1424 1406; x_wconf 91' lang='lat' dir='ltr'>non</span> 
     </span>
    </p>
   </div>
   <div class='ocr_carea' id='block_1_6' title="bbox 76 1422 1423 1536">
    <p class='ocr_par' dir='ltr' id='par_1_8' title="bbox 76 1422 1423 1536">
     <span class='ocr_line' id='line_1_24' title="bbox 77 1422 1423 1465; baseline 0.001 -1"><span class='ocrx_word' id='word_1_162' title='bbox 77 1438 172 1465; x_wconf 90' lang='lat' dir='ltr'>raro</span> <span class='ocrx_word' id='word_1_163' title='bbox 205 1438 299 1464; x_wconf 88' lang='lat' dir='ltr'>cum</span> <span class='ocrx_word' id='word_1_164' title='bbox 332 1438 416 1465; x_wconf 92' lang='lat' dir='ltr'>uno</span> <span class='ocrx_word' id='word_1_165' title='bbox 449 1423 664 1465; x_wconf 88' lang='lat' dir='ltr'>Vossiano</span> <span class='ocrx_word' id='word_1_166' title='bbox 697 1427 846 1465; x_wconf 89' lang='lat' dir='ltr'>contra</span> <span class='ocrx_word' id='word_1_167' title='bbox 884 1423 1002 1465; x_wconf 88' lang='lat' dir='ltr'>codd.</span> <span class='ocrx_word' id='word_1_168' title='bbox 1036 1423 1078 1464; x_wconf 88' lang='lat' dir='ltr'><em>P</em></span> <span class='ocrx_word' id='word_1_169' title='bbox 1105 1426 1147 1464; x_wconf 92' lang='lat' dir='ltr'>et</span> <span class='ocrx_word' id='word_1_170' title='bbox 1178 1422 1213 1465; x_wconf 78' lang='lat' dir='ltr'><strong><em>S</em></strong></span> <span class='ocrx_word' id='word_1_171' title='bbox 1249 1438 1293 1464; x_wconf 90' lang='lat' dir='ltr'>se</span> <span class='ocrx_word' id='word_1_172' title='bbox 1327 1437 1423 1465; x_wconf 91' lang='lat' dir='ltr'>con-</span> 
     </span>
     <span class='ocr_line' id='line_1_25' title="bbox 76 1481 1423 1536; baseline 0 -13"><span class='ocrx_word' id='word_1_173' title='bbox 76 1483 267 1536; x_wconf 83' lang='lat' dir='ltr'>iungere,</span> <span class='ocrx_word' id='word_1_174' title='bbox 306 1497 403 1523; x_wconf 80' lang='lat' dir='ltr'>mox</span> <span class='ocrx_word' id='word_1_175' title='bbox 442 1484 593 1524; x_wconf 86' lang='lat' dir='ltr'>contra</span> <span class='ocrx_word' id='word_1_176' title='bbox 630 1482 903 1524; x_wconf 90' lang='lat' dir='ltr'>Ausonianos</span> <span class='ocrx_word' id='word_1_177' title='bbox 941 1483 1074 1524; x_wconf 88' lang='lat' dir='ltr'>libros</span> <span class='ocrx_word' id='word_1_178' title='bbox 1114 1481 1197 1524; x_wconf 84' lang='lat' dir='ltr'>VP</span> <span class='ocrx_word' id='word_1_179' title='bbox 1225 1482 1423 1523; x_wconf 88' lang='lat' dir='ltr'>accedere</span> 
     </span>
    </p>
   </div>
   <div class='ocr_carea' id='block_1_7' title="bbox 76 1539 1422 1598">
    <p class='ocr_par' dir='ltr' id='par_1_9' title="bbox 76 1539 1422 1598">
     <span class='ocr_line' id='line_1_26' title="bbox 76 1539 1422 1598; baseline -0.001 -16"><span class='ocrx_word' id='word_1_180' title='bbox 76 1541 342 1583; x_wconf 89' lang='lat' dir='ltr'>Paulinianis</span> <span class='ocrx_word' id='word_1_181' title='bbox 370 1541 493 1583; x_wconf 89' lang='lat' dir='ltr'>libris</span> <span class='ocrx_word' id='word_1_182' title='bbox 517 1541 601 1583; x_wconf 81' lang='lat' dir='ltr'>SR</span> <span class='ocrx_word' id='word_1_183' title='bbox 629 1539 763 1598; x_wconf 81' lang='lat' dir='ltr'>(quod</span> <span class='ocrx_word' id='word_1_184' title='bbox 789 1542 836 1583; x_wconf 89' lang='lat' dir='ltr'>fit</span> <span class='ocrx_word' id='word_1_185' title='bbox 861 1542 906 1583; x_wconf 91' lang='lat' dir='ltr'>in</span> <span class='ocrx_word' id='word_1_186' title='bbox 932 1541 1114 1582; x_wconf 89' lang='lat' dir='ltr'>Ausonii</span> <span class='ocrx_word' id='word_1_187' title='bbox 1141 1556 1205 1595; x_wconf 91' lang='lat' dir='ltr'>ep.</span> <span class='ocrx_word' id='word_1_188' title='bbox 1231 1540 1422 1583; x_wconf 90' lang='lat' dir='ltr'>XXVIII</span> 
     </span>
    </p>
   </div>
   <div class='ocr_carea' id='block_1_8' title="bbox 74 1656 1422 2363">
    <p class='ocr_par' dir='ltr' id='par_1_10' title="bbox 74 1656 1422 2363">
     <span class='ocr_line' id='line_1_27' title="bbox 171 1656 1420 1702; baseline 0.002 -12"><span class='ocrx_word' id='word_1_189' title='bbox 171 1657 206 1701; x_wconf 63' lang='lat'>²¹⁶)</span> <span class='ocrx_word' id='word_1_190' title='bbox 233 1656 328 1692; x_wconf 87' lang='lat' dir='ltr'>Sane</span> <span class='ocrx_word' id='word_1_191' title='bbox 360 1657 458 1701; x_wconf 88' lang='lat' dir='ltr'>quod</span> <span class='ocrx_word' id='word_1_192' title='bbox 483 1656 658 1692; x_wconf 81' lang='lat' dir='ltr'>Paulinus</span> <span class='ocrx_word' id='word_1_193' title='bbox 692 1669 747 1702; x_wconf 89' lang='lat' dir='ltr'>ep.</span> <span class='ocrx_word' id='word_1_194' title='bbox 775 1656 865 1700; x_wconf 89' lang='lat' dir='ltr'>XLI,</span> <span class='ocrx_word' id='word_1_195' title='bbox 895 1662 910 1690; x_wconf 93' lang='lat'>1</span> <span class='ocrx_word' id='word_1_196' title='bbox 944 1658 991 1691; x_wconf 87' lang='lat' dir='ltr'>ad</span> <span class='ocrx_word' id='word_1_197' title='bbox 1018 1656 1195 1691; x_wconf 83' lang='lat' dir='ltr'>Sanctum</span> <span class='ocrx_word' id='word_1_198' title='bbox 1222 1659 1303 1700; x_wconf 87' lang='lat' dir='ltr'>(scr.</span> <span class='ocrx_word' id='word_1_199' title='bbox 1331 1667 1360 1691; x_wconf 88' lang='lat' dir='ltr'>c.</span> <span class='ocrx_word' id='word_1_200' title='bbox 1388 1667 1420 1692; x_wconf 86' lang='lat' dir='ltr'>a.</span> 
     </span>
     <span class='ocr_line' id='line_1_28' title="bbox 75 1703 1422 1749; baseline 0 -11"><span class='ocrx_word' id='word_1_201' title='bbox 75 1706 159 1747; x_wconf 86' lang='lat'>407)</span> <span class='ocrx_word' id='word_1_202' title='bbox 186 1703 294 1739; x_wconf 88' lang='lat' dir='ltr'>dicit:</span> <span class='ocrx_word' id='word_1_203' title='bbox 326 1704 509 1749; x_wconf 83' lang='lat' dir='ltr'>„legimus</span> <span class='ocrx_word' id='word_1_204' title='bbox 541 1705 578 1739; x_wconf 89' lang='grc'>111</span> <span class='ocrx_word' id='word_1_205' title='bbox 610 1706 717 1749; x_wconf 85' lang='lat' dir='ltr'>tergo</span> <span class='ocrx_word' id='word_1_206' title='bbox 750 1704 933 1748; x_wconf 83' lang='lat' dir='ltr'>epistulae</span> <span class='ocrx_word' id='word_1_207' title='bbox 965 1703 1247 1739; x_wconf 83' lang='lat' dir='ltr'>adnotationem</span> <span class='ocrx_word' id='word_1_208' title='bbox 1282 1704 1422 1748; x_wconf 86' lang='lat' dir='ltr'>epistu-</span> 
     </span>
     <span class='ocr_line' id='line_1_29' title="bbox 74 1750 1422 1796; baseline -0.001 -11"><span class='ocrx_word' id='word_1_209' title='bbox 74 1751 212 1795; x_wconf 87' lang='lat' dir='ltr'>larum,</span> <span class='ocrx_word' id='word_1_210' title='bbox 245 1763 337 1795; x_wconf 86' lang='lat' dir='ltr'>quas</span> <span class='ocrx_word' id='word_1_211' title='bbox 370 1762 470 1786; x_wconf 84' lang='lat' dir='ltr'>meas</span> <span class='ocrx_word' id='word_1_212' title='bbox 502 1762 580 1786; x_wconf 87' lang='lat' dir='ltr'>esse</span> <span class='ocrx_word' id='word_1_213' title='bbox 613 1751 819 1786; x_wconf 82' lang='lat' dir='ltr'>indicastis.</span> <span class='ocrx_word' id='word_1_214' title='bbox 874 1763 961 1786; x_wconf 87' lang='lat' dir='ltr'>nam</span> <span class='ocrx_word' id='word_1_215' title='bbox 993 1762 1079 1786; x_wconf 88' lang='lat' dir='ltr'>uere</span> <span class='ocrx_word' id='word_1_216' title='bbox 1114 1762 1229 1796; x_wconf 82' lang='lat' dir='ltr'>prope</span> <span class='ocrx_word' id='word_1_217' title='bbox 1257 1750 1422 1786; x_wconf 88' lang='lat' dir='ltr'>omnium</span> 
     </span>
     <span class='ocr_line' id='line_1_30' title="bbox 76 1799 1420 1843; baseline -0.001 -10"><span class='ocrx_word' id='word_1_218' title='bbox 76 1809 201 1833; x_wconf 88' lang='lat' dir='ltr'>earum</span> <span class='ocrx_word' id='word_1_219' title='bbox 232 1799 286 1833; x_wconf 89' lang='lat' dir='ltr'>ita</span> <span class='ocrx_word' id='word_1_220' title='bbox 311 1799 492 1833; x_wconf 86' lang='lat' dir='ltr'>inmemor</span> <span class='ocrx_word' id='word_1_221' title='bbox 523 1810 642 1842; x_wconf 86' lang='lat' dir='ltr'>eram,</span> <span class='ocrx_word' id='word_1_222' title='bbox 680 1800 722 1832; x_wconf 87' lang='lat' dir='ltr'>ut</span> <span class='ocrx_word' id='word_1_223' title='bbox 754 1809 855 1833; x_wconf 83' lang='lat' dir='ltr'>meas</span> <span class='ocrx_word' id='word_1_224' title='bbox 889 1810 966 1833; x_wconf 89' lang='lat' dir='ltr'>esse</span> <span class='ocrx_word' id='word_1_225' title='bbox 999 1810 1074 1834; x_wconf 89' lang='lat' dir='ltr'>non</span> <span class='ocrx_word' id='word_1_226' title='bbox 1105 1808 1420 1843; x_wconf 85' lang='lat' dir='ltr'>recognoscerem,</span> 
     </span>
     <span class='ocr_line' id='line_1_31' title="bbox 74 1845 1421 1890; baseline -0.001 -10"><span class='ocrx_word' id='word_1_227' title='bbox 74 1846 145 1881; x_wconf 91' lang='lat' dir='ltr'>nisi</span> <span class='ocrx_word' id='word_1_228' title='bbox 172 1846 304 1880; x_wconf 85' lang='lat' dir='ltr'>uestris</span> <span class='ocrx_word' id='word_1_229' title='bbox 330 1845 465 1880; x_wconf 86' lang='lat' dir='ltr'>litteris</span> <span class='ocrx_word' id='word_1_230' title='bbox 491 1845 743 1880; x_wconf 85' lang='lat' dir='ltr'>credidissem.</span> <span class='ocrx_word' id='word_1_231' title='bbox 802 1846 897 1881; x_wconf 88' lang='lat' dir='ltr'>unde</span> <span class='ocrx_word' id='word_1_232' title='bbox 923 1845 1043 1880; x_wconf 88' lang='lat' dir='ltr'>maius</span> <span class='ocrx_word' id='word_1_233' title='bbox 1070 1845 1199 1890; x_wconf 80' lang='lat' dir='ltr'>accepi</span> <span class='ocrx_word' id='word_1_234' title='bbox 1225 1846 1421 1880; x_wconf 89' lang='lat' dir='ltr'>documen-</span> 
     </span>
     <span class='ocr_line' id='line_1_32' title="bbox 74 1891 1421 1937; baseline -0.001 -9"><span class='ocrx_word' id='word_1_235' title='bbox 74 1895 155 1928; x_wconf 88' lang='lat' dir='ltr'>tum</span> <span class='ocrx_word' id='word_1_236' title='bbox 190 1893 354 1928; x_wconf 80' lang='lat' dir='ltr'>caritatis</span> <span class='ocrx_word' id='word_1_237' title='bbox 386 1896 551 1937; x_wconf 87' lang='lat' dir='ltr'>uestrae,</span> <span class='ocrx_word' id='word_1_238' title='bbox 585 1893 672 1937; x_wconf 89' lang='lat' dir='ltr'>quia</span> <span class='ocrx_word' id='word_1_239' title='bbox 704 1893 786 1937; x_wconf 87' lang='lat' dir='ltr'>plus</span> <span class='ocrx_word' id='word_1_240' title='bbox 811 1904 870 1928; x_wconf 92' lang='lat' dir='ltr'>me</span> <span class='ocrx_word' id='word_1_241' title='bbox 896 1893 1001 1928; x_wconf 88' lang='lat' dir='ltr'>nobis</span> <span class='ocrx_word' id='word_1_242' title='bbox 1035 1905 1145 1937; x_wconf 89' lang='lat' dir='ltr'>quam</span> <span class='ocrx_word' id='word_1_243' title='bbox 1171 1891 1265 1927; x_wconf 88' lang='lat' dir='ltr'>mihi</span> <span class='ocrx_word' id='word_1_244' title='bbox 1290 1894 1421 1927; x_wconf 90' lang='lat' dir='ltr'>notum</span> 
     </span>
     <span class='ocr_line' id='line_1_33' title="bbox 76 1938 1422 1985; baseline -0.001 -11"><span class='ocrx_word' id='word_1_245' title='bbox 76 1951 155 1975; x_wconf 89' lang='lat' dir='ltr'>esse</span> <span class='ocrx_word' id='word_1_246' title='bbox 188 1940 397 1984; x_wconf 83' lang='lat' dir='ltr'>perspexi“:</span> <span class='ocrx_word' id='word_1_247' title='bbox 430 1940 501 1975; x_wconf 87' lang='lat' dir='ltr'>hoc</span> <span class='ocrx_word' id='word_1_248' title='bbox 533 1940 579 1974; x_wconf 89' lang='lat' dir='ltr'>ad</span> <span class='ocrx_word' id='word_1_249' title='bbox 606 1940 784 1985; x_wconf 85' lang='lat' dir='ltr'>epistulas</span> <span class='ocrx_word' id='word_1_250' title='bbox 810 1940 974 1975; x_wconf 84' lang='lat' dir='ltr'>Nolanas</span> <span class='ocrx_word' id='word_1_251' title='bbox 1006 1941 1187 1985; x_wconf 85' lang='lat' dir='ltr'>pertinet,</span> <span class='ocrx_word' id='word_1_252' title='bbox 1221 1951 1287 1974; x_wconf 89' lang='lat' dir='ltr'>nec</span> <span class='ocrx_word' id='word_1_253' title='bbox 1321 1938 1422 1975; x_wconf 83' lang='lat' dir='ltr'>credi</span> 
     </span>
     <span class='ocr_line' id='line_1_34' title="bbox 74 1987 1421 2032; baseline 0 -11"><span class='ocrx_word' id='word_1_254' title='bbox 74 1988 199 2032; x_wconf 81' lang='lat' dir='ltr'>potest</span> <span class='ocrx_word' id='word_1_255' title='bbox 218 1987 414 2022; x_wconf 89' lang='lat' dir='ltr'>Paulinum</span> <span class='ocrx_word' id='word_1_256' title='bbox 436 1999 572 2031; x_wconf 87' lang='lat' dir='ltr'>earum,</span> <span class='ocrx_word' id='word_1_257' title='bbox 593 1999 683 2031; x_wconf 87' lang='lat' dir='ltr'>quas</span> <span class='ocrx_word' id='word_1_258' title='bbox 704 1988 749 2022; x_wconf 87' lang='lat' dir='ltr'>ad</span> <span class='ocrx_word' id='word_1_259' title='bbox 770 1988 975 2022; x_wconf 87' lang='lat' dir='ltr'>Ausonium</span> <span class='ocrx_word' id='word_1_260' title='bbox 998 1988 1195 2032; x_wconf 86' lang='lat' dir='ltr'>scripserat</span> <span class='ocrx_word' id='word_1_261' title='bbox 1215 1988 1336 2031; x_wconf 80' lang='lat' dir='ltr'>antea,</span> <span class='ocrx_word' id='word_1_262' title='bbox 1357 1988 1421 2022; x_wconf 93' lang='lat' dir='ltr'>ob-</span> 
     </span>
     <span class='ocr_line' id='line_1_35' title="bbox 74 2034 1421 2079; baseline 0 -11"><span class='ocrx_word' id='word_1_263' title='bbox 74 2034 252 2069; x_wconf 89' lang='lat' dir='ltr'>liuionem</span> <span class='ocrx_word' id='word_1_264' title='bbox 286 2034 427 2079; x_wconf 86' lang='lat' dir='ltr'>cepisse</span> <span class='ocrx_word' id='word_1_265' title='bbox 460 2034 628 2069; x_wconf 87' lang='lat' dir='ltr'>eandem.</span> <span class='ocrx_word' id='word_1_266' title='bbox 686 2035 750 2070; x_wconf 88' lang='lat' dir='ltr'>sed</span> <span class='ocrx_word' id='word_1_267' title='bbox 781 2035 907 2070; x_wconf 86' lang='lat' dir='ltr'>tamen</span> <span class='ocrx_word' id='word_1_268' title='bbox 941 2035 1062 2069; x_wconf 89' lang='lat' dir='ltr'>minus</span> <span class='ocrx_word' id='word_1_269' title='bbox 1095 2035 1208 2069; x_wconf 87' lang='lat' dir='ltr'>etiam</span> <span class='ocrx_word' id='word_1_270' title='bbox 1243 2034 1309 2068; x_wconf 88' lang='lat' dir='ltr'>has</span> <span class='ocrx_word' id='word_1_271' title='bbox 1337 2045 1421 2068; x_wconf 89' lang='lat' dir='ltr'>eum</span> 
     </span>
     <span class='ocr_line' id='line_1_36' title="bbox 75 2080 1421 2126; baseline -0.001 -11"><span class='ocrx_word' id='word_1_272' title='bbox 75 2092 185 2125; x_wconf 87' lang='lat' dir='ltr'>quam</span> <span class='ocrx_word' id='word_1_273' title='bbox 211 2081 376 2117; x_wconf 69' lang='lat' dir='ltr'>Nolanis</span> <span class='ocrx_word' id='word_1_274' title='bbox 415 2093 580 2117; x_wconf 86' lang='lat' dir='ltr'>seruasse</span> <span class='ocrx_word' id='word_1_275' title='bbox 619 2093 739 2126; x_wconf 88' lang='lat' dir='ltr'>neque</span> <span class='ocrx_word' id='word_1_276' title='bbox 772 2082 810 2116; x_wconf 89' lang='lat' dir='ltr'>in</span> <span class='ocrx_word' id='word_1_277' title='bbox 841 2082 1063 2126; x_wconf 82' lang='lat' dir='ltr'>scriptorum</span> <span class='ocrx_word' id='word_1_278' title='bbox 1100 2093 1248 2116; x_wconf 86' lang='lat' dir='ltr'>suorum</span> <span class='ocrx_word' id='word_1_279' title='bbox 1287 2080 1421 2115; x_wconf 88' lang='lat' dir='ltr'>seriem</span> 
     </span>
     <span class='ocr_line' id='line_1_37' title="bbox 74 2127 1421 2174; baseline 0 -12"><span class='ocrx_word' id='word_1_280' title='bbox 74 2128 294 2174; x_wconf 85' lang='lat' dir='ltr'>redigendas</span> <span class='ocrx_word' id='word_1_281' title='bbox 328 2140 471 2164; x_wconf 83' lang='lat' dir='ltr'>curasse</span> <span class='ocrx_word' id='word_1_282' title='bbox 505 2132 792 2165; x_wconf 88' lang='lat' dir='ltr'>consentaneum</span> <span class='ocrx_word' id='word_1_283' title='bbox 825 2141 862 2164; x_wconf 66' lang='lat' dir='ltr'>es</span> <span class='ocrx_word' id='word_1_284' title='bbox 857 2130 892 2164; x_wconf 91' lang='lat' dir='ltr'>·.t</span> <span class='ocrx_word' id='word_1_285' title='bbox 927 2150 970 2154; x_wconf 96' lang='lat'><strong>—</strong></span> <span class='ocrx_word' id='word_1_286' title='bbox 1004 2131 1166 2164; x_wconf 81' lang='lat' dir='ltr'>ceteium</span> <span class='ocrx_word' id='word_1_287' title='bbox 1197 2139 1240 2162; x_wconf 82' lang='lat' dir='ltr'>ex</span> <span class='ocrx_word' id='word_1_288' title='bbox 1273 2127 1421 2162; x_wconf 86' lang='lat' dir='ltr'>Paulini</span> 
     </span>
     <span class='ocr_line' id='line_1_38' title="bbox 75 2175 1420 2221; baseline -0.001 -11"><span class='ocrx_word' id='word_1_289' title='bbox 75 2175 312 2219; x_wconf 84' lang='lat' dir='ltr'>carminibus,</span> <span class='ocrx_word' id='word_1_290' title='bbox 338 2188 431 2220; x_wconf 89' lang='lat' dir='ltr'>quae</span> <span class='ocrx_word' id='word_1_291' title='bbox 458 2178 544 2212; x_wconf 90' lang='lat' dir='ltr'>sunt</span> <span class='ocrx_word' id='word_1_292' title='bbox 568 2176 606 2211; x_wconf 90' lang='lat' dir='ltr'>in</span> <span class='ocrx_word' id='word_1_293' title='bbox 627 2176 817 2220; x_wconf 76' lang='lat' dir='ltr'>Vossiano,</span> <span class='ocrx_word' id='word_1_294' title='bbox 844 2187 887 2211; x_wconf 85' lang='lat' dir='ltr'>ea</span> <span class='ocrx_word' id='word_1_295' title='bbox 915 2177 1135 2221; x_wconf 85' lang='lat' dir='ltr'>recepimus,</span> <span class='ocrx_word' id='word_1_296' title='bbox 1162 2187 1255 2220; x_wconf 87' lang='lat' dir='ltr'>quae</span> <span class='ocrx_word' id='word_1_297' title='bbox 1282 2175 1420 2219; x_wconf 84' lang='lat' dir='ltr'>scripta</span> 
     </span>
     <span class='ocr_line' id='line_1_39' title="bbox 75 2203 1417 2268; baseline -0.002 -11"><span class='ocrx_word' id='word_1_298' title='bbox 75 2225 159 2257; x_wconf 89' lang='lat' dir='ltr'>sunt</span> <span class='ocrx_word' id='word_1_299' title='bbox 191 2235 232 2258; x_wconf 88' lang='lat' dir='ltr'>eo</span> <span class='ocrx_word' id='word_1_300' title='bbox 264 2203 449 2268; x_wconf 73' lang='lat' dir='ltr'>teinpore,</span> <span class='ocrx_word' id='word_1_301' title='bbox 482 2235 554 2268; x_wconf 84' lang='lat' dir='ltr'>quo</span> <span class='ocrx_word' id='word_1_302' title='bbox 587 2224 771 2259; x_wconf 87' lang='lat' dir='ltr'>coniuncti</span> <span class='ocrx_word' id='word_1_303' title='bbox 804 2225 910 2259; x_wconf 84' lang='lat' dir='ltr'>erant</span> <span class='ocrx_word' id='word_1_304' title='bbox 942 2223 1123 2258; x_wconf 84' lang='lat' dir='ltr'>Ausonius</span> <span class='ocrx_word' id='word_1_305' title='bbox 1160 2224 1198 2257; x_wconf 89' lang='lat' dir='ltr'>et</span> <span class='ocrx_word' id='word_1_306' title='bbox 1229 2222 1417 2264; x_wconf 87' lang='lat' dir='ltr'>Paulinus,</span> 
     </span>
     <span class='ocr_line' id='line_1_40' title="bbox 76 2249 1418 2315; baseline -0.001 -11"><span class='ocrx_word' id='word_1_307' title='bbox 76 2272 306 2315; x_wconf 86' lang='lat' dir='ltr'>cognataque</span> <span class='ocrx_word' id='word_1_308' title='bbox 341 2270 503 2315; x_wconf 87' lang='lat' dir='ltr'>quodam</span> <span class='ocrx_word' id='word_1_309' title='bbox 529 2271 638 2306; x_wconf 86' lang='lat' dir='ltr'>modo</span> <span class='ocrx_word' id='word_1_310' title='bbox 667 2282 749 2305; x_wconf 86' lang='lat' dir='ltr'>cum</span> <span class='ocrx_word' id='word_1_311' title='bbox 775 2270 998 2306; x_wconf 89' lang='lat' dir='ltr'>Ausonianis</span> <span class='ocrx_word' id='word_1_312' title='bbox 1031 2282 1073 2306; x_wconf 85' lang='lat' dir='ltr'>ex</span> <span class='ocrx_word' id='word_1_313' title='bbox 1098 2270 1253 2305; x_wconf 87' lang='lat' dir='ltr'>Ausonii</span> <span class='ocrx_word' id='word_1_314' title='bbox 1279 2249 1418 2304; x_wconf 75' lang='lat' dir='ltr'>chartis⁷</span> 
     </span>
     <span class='ocr_line' id='line_1_41' title="bbox 76 2317 565 2363; baseline 0.004 -12"><span class='ocrx_word' id='word_1_315' title='bbox 76 2317 232 2352; x_wconf 87' lang='lat' dir='ltr'>oriunda</span> <span class='ocrx_word' id='word_1_316' title='bbox 259 2317 376 2353; x_wconf 85' lang='lat' dir='ltr'>uideri</span> <span class='ocrx_word' id='word_1_317' title='bbox 401 2319 565 2363; x_wconf 82' lang='lat' dir='ltr'>possunt.</span> 
     </span>
    </p>
   </div>
   <div class='ocr_carea' id='block_1_9' title="bbox 1091 2376 1134 2411">
    <p class='ocr_par' dir='ltr' id='par_1_11' title="bbox 1091 2376 1134 2411">
     <span class='ocr_line' id='line_1_42' title="bbox 1091 2376 1134 2411; baseline 0 -18"><span class='ocrx_word' id='word_1_318' title='bbox 1091 2376 1134 2411; x_wconf 63' lang='lat' dir='ltr'>C*</span> 
     </span>
    </p>
   </div>
  </div>
 </body>
</html>
