<?xml version="1.0" encoding="UTF-8"?>
<!DOCTYPE html PUBLIC "-//W3C//DTD XHTML 1.0 Transitional//EN"
    "http://www.w3.org/TR/xhtml1/DTD/xhtml1-transitional.dtd">
<html xmlns="http://www.w3.org/1999/xhtml" xml:lang="en" lang="en">
 <head>
  <title>
</title>
<meta http-equiv="Content-Type" content="text/html;charset=utf-8" />
  <meta name='ocr-system' content='tesseract 3.04.00' />
  <meta name='ocr-capabilities' content='ocr_page ocr_carea ocr_par ocr_line ocrx_word'/>
</head>
<body>
  <div class='ocr_page' id='page_1' title='image "./opuscula00ausouoft/opuscula00ausouoft_0230.png"; bbox 0 0 1563 2511; ppageno 0'>
   <div class='ocr_carea' id='block_1_1' title="bbox 649 58 933 100">
    <p class='ocr_par' dir='ltr' id='par_1_1' title="bbox 649 58 933 100">
     <span class='ocr_line' id='line_1_1' title="bbox 649 58 933 100; baseline 0.004 -13"><span class='ocrx_word' id='word_1_1' title='bbox 649 58 933 100; x_wconf 57' lang='lat'>„96—</span> 
     </span>
    </p>
   </div>
   <div class='ocr_carea' id='block_1_2' title="bbox 116 163 1380 1691">
    <p class='ocr_par' dir='ltr' id='par_1_2' title="bbox 116 163 1224 265">
     <span class='ocr_line' id='line_1_2' title="bbox 117 163 1224 218; baseline -0.001 -12"><span class='ocrx_word' id='word_1_2' title='bbox 117 163 317 206; x_wconf 86' lang='lat' dir='ltr'>Creditur</span> <span class='ocrx_word' id='word_1_3' title='bbox 349 163 623 218; x_wconf 86' lang='lat' dir='ltr'>occultosque</span> <span class='ocrx_word' id='word_1_4' title='bbox 657 167 773 206; x_wconf 84' lang='lat' dir='ltr'>satus</span> <span class='ocrx_word' id='word_1_5' title='bbox 807 168 849 206; x_wconf 91' lang='lat' dir='ltr'>et</span> <span class='ocrx_word' id='word_1_6' title='bbox 881 167 1077 218; x_wconf 85' lang='lat' dir='ltr'>tempora</span> <span class='ocrx_word' id='word_1_7' title='bbox 1109 164 1224 206; x_wconf 88' lang='lat' dir='ltr'>uitae</span> 
     </span>
     <span class='ocr_line' id='line_1_3' title="bbox 116 222 1121 265; baseline -0.001 0"><span class='ocrx_word' id='word_1_8' title='bbox 116 223 311 265; x_wconf 88' lang='lat' dir='ltr'>Materno</span> <span class='ocrx_word' id='word_1_9' title='bbox 345 222 535 263; x_wconf 89' lang='lat' dir='ltr'>ducenda</span> <span class='ocrx_word' id='word_1_10' title='bbox 566 226 688 265; x_wconf 92' lang='lat' dir='ltr'>utero</span> <span class='ocrx_word' id='word_1_11' title='bbox 722 223 906 265; x_wconf 88' lang='lat' dir='ltr'>formare</span> <span class='ocrx_word' id='word_1_12' title='bbox 940 223 1121 264; x_wconf 91' lang='lat' dir='ltr'>uidendo</span> 
     </span>
    </p>

    <p class='ocr_par' dir='ltr' id='par_1_3' title="bbox 116 281 1380 1221">
     <span class='ocr_line' id='line_1_4' title="bbox 116 281 1186 337; baseline 0 -14"><span class='ocrx_word' id='word_1_13' title='bbox 116 282 174 324; x_wconf 87' lang='lat' dir='ltr'>Et</span> <span class='ocrx_word' id='word_1_14' title='bbox 205 281 396 323; x_wconf 88' lang='lat' dir='ltr'>nondum</span> <span class='ocrx_word' id='word_1_15' title='bbox 430 283 602 323; x_wconf 87' lang='lat' dir='ltr'>exortae</span> <span class='ocrx_word' id='word_1_16' title='bbox 635 282 751 337; x_wconf 86' lang='lat' dir='ltr'>leges</span> <span class='ocrx_word' id='word_1_17' title='bbox 785 296 1026 335; x_wconf 81' lang='lat' dir='ltr'>conponere</span> <span class='ocrx_word' id='word_1_18' title='bbox 1058 282 1186 323; x_wconf 90' lang='lat' dir='ltr'>uitae.</span> 
     </span>
     <span class='ocr_line' id='line_1_5' title="bbox 116 340 1286 395; baseline 0 -13"><span class='ocrx_word' id='word_1_19' title='bbox 116 340 314 395; x_wconf 83' lang='lat' dir='ltr'>Namque</span> <span class='ocrx_word' id='word_1_20' title='bbox 346 340 420 381; x_wconf 91' lang='lat' dir='ltr'>ubi</span> <span class='ocrx_word' id='word_1_21' title='bbox 451 343 682 394; x_wconf 89' lang='lat' dir='ltr'>conceptus</span> <span class='ocrx_word' id='word_1_22' title='bbox 716 342 895 395; x_wconf 79' lang='lat' dir='ltr'>genitali</span> <span class='ocrx_word' id='word_1_23' title='bbox 928 341 1132 383; x_wconf 83' lang='lat' dir='ltr'>insederit</span> <span class='ocrx_word' id='word_1_24' title='bbox 1165 355 1286 393; x_wconf 82' lang='lat' dir='ltr'>aruo,</span> 
     </span>
     <span class='ocr_line' id='line_1_6' title="bbox 116 398 1302 454; baseline 0.001 -13"><span class='ocrx_word' id='word_1_25' title='bbox 116 399 236 441; x_wconf 88' lang='lat' dir='ltr'>Haut</span> <span class='ocrx_word' id='word_1_26' title='bbox 267 399 443 440; x_wconf 90' lang='lat' dir='ltr'>dubium</span> <span class='ocrx_word' id='word_1_27' title='bbox 476 398 621 441; x_wconf 84' lang='lat' dir='ltr'>Solem</span> <span class='ocrx_word' id='word_1_28' title='bbox 653 400 901 454; x_wconf 86' lang='lat' dir='ltr'>cuicumque</span> <span class='ocrx_word' id='word_1_29' title='bbox 934 400 1134 441; x_wconf 71' lang='lat' dir='ltr'>insistere</span> <span class='ocrx_word' id='word_1_30' title='bbox 1167 400 1302 454; x_wconf 87' lang='lat' dir='ltr'>signO.</span> 
     </span>
     <span class='ocr_line' id='line_1_7' title="bbox 118 458 1105 512; baseline 0 -13"><span class='ocrx_word' id='word_1_31' title='bbox 118 458 200 508; x_wconf 83' lang='lat' dir='ltr'>Qui</span> <span class='ocrx_word' id='word_1_32' title='bbox 234 472 329 499; x_wconf 88' lang='lat' dir='ltr'>cum</span> <span class='ocrx_word' id='word_1_33' title='bbox 361 458 493 499; x_wconf 84' lang='lat' dir='ltr'>uicini</span> <span class='ocrx_word' id='word_1_34' title='bbox 527 459 758 500; x_wconf 87' lang='lat' dir='ltr'>stationem</span> <span class='ocrx_word' id='word_1_35' title='bbox 791 459 951 512; x_wconf 80' lang='lat' dir='ltr'>ceperit</span> <span class='ocrx_word' id='word_1_36' title='bbox 983 459 1105 508; x_wconf 74' lang='lat' dir='ltr'>astri,</span> 
     </span>
     <span class='ocr_line' id='line_1_8' title="bbox 118 516 1269 572; baseline -0.002 -12"><span class='ocrx_word' id='word_1_37' title='bbox 118 516 356 572; x_wconf 86' lang='lat' dir='ltr'>Contiguos</span> <span class='ocrx_word' id='word_1_38' title='bbox 388 517 555 558; x_wconf 88' lang='lat' dir='ltr'>nullum</span> <span class='ocrx_word' id='word_1_39' title='bbox 588 517 851 558; x_wconf 83' lang='lat' dir='ltr'>transfundit</span> <span class='ocrx_word' id='word_1_40' title='bbox 883 518 1029 558; x_wconf 89' lang='lat' dir='ltr'>lumen</span> <span class='ocrx_word' id='word_1_41' title='bbox 1061 518 1105 558; x_wconf 91' lang='lat' dir='ltr'>in</span> <span class='ocrx_word' id='word_1_42' title='bbox 1138 520 1269 559; x_wconf 88' lang='lat' dir='ltr'>ortus.</span> 
     </span>
     <span class='ocr_line' id='line_1_9' title="bbox 117 576 1380 631; baseline 0.001 -14"><span class='ocrx_word' id='word_1_43' title='bbox 117 577 200 618; x_wconf 91' lang='lat' dir='ltr'>Ast</span> <span class='ocrx_word' id='word_1_44' title='bbox 231 576 306 617; x_wconf 91' lang='lat' dir='ltr'>ubi</span> <span class='ocrx_word' id='word_1_45' title='bbox 338 576 557 618; x_wconf 91' lang='lat' dir='ltr'>conuersis</span> <span class='ocrx_word' id='word_1_46' title='bbox 590 579 690 631; x_wconf 89' lang='lat' dir='ltr'>post</span> <span class='ocrx_word' id='word_1_47' title='bbox 720 579 941 618; x_wconf 86' lang='lat' dir='ltr'>menstrua</span> <span class='ocrx_word' id='word_1_48' title='bbox 973 580 1169 630; x_wconf 85' lang='lat' dir='ltr'>tempora</span> <span class='ocrx_word' id='word_1_49' title='bbox 1201 576 1380 618; x_wconf 82' lang='lat' dir='ltr'>habenis</span> 
     </span>
     <span class='ocr_line' id='line_1_10' title="bbox 118 633 1171 689; baseline 0 -13"><span class='ocrx_word' id='word_1_50' title='bbox 118 633 295 677; x_wconf 82' lang='lat' dir='ltr'>Scandit</span> <span class='ocrx_word' id='word_1_51' title='bbox 327 650 542 689; x_wconf 88' lang='lat' dir='ltr'>purpureo</span> <span class='ocrx_word' id='word_1_52' title='bbox 575 635 661 676; x_wconf 90' lang='lat' dir='ltr'>iam</span> <span class='ocrx_word' id='word_1_53' title='bbox 694 635 822 676; x_wconf 82' lang='lat' dir='ltr'>tertia</span> <span class='ocrx_word' id='word_1_54' title='bbox 855 635 995 676; x_wconf 82' lang='lat' dir='ltr'>sidera</span> <span class='ocrx_word' id='word_1_55' title='bbox 1027 650 1171 689; x_wconf 72' lang='lat' dir='ltr'>curru,</span> 
     </span>
     <span class='ocr_line' id='line_1_11' title="bbox 117 694 1045 749; baseline 0.001 -14"><span class='ocrx_word' id='word_1_56' title='bbox 117 694 305 749; x_wconf 83' lang='lat' dir='ltr'>obliqua</span> <span class='ocrx_word' id='word_1_57' title='bbox 337 695 489 734; x_wconf 83' lang='lat' dir='ltr'>exilem</span> <span class='ocrx_word' id='word_1_58' title='bbox 522 694 712 735; x_wconf 88' lang='lat' dir='ltr'>demittit</span> <span class='ocrx_word' id='word_1_59' title='bbox 742 694 856 735; x_wconf 84' lang='lat' dir='ltr'>linea</span> <span class='ocrx_word' id='word_1_60' title='bbox 888 694 1045 747; x_wconf 87' lang='lat' dir='ltr'>lucem,</span> 
     </span>
     <span class='ocr_line' id='line_1_12' title="bbox 117 753 1241 807; baseline -0.001 -12"><span class='ocrx_word' id='word_1_61' title='bbox 117 753 357 807; x_wconf 88' lang='lat' dir='ltr'>Adspirans</span> <span class='ocrx_word' id='word_1_62' title='bbox 389 756 538 793; x_wconf 91' lang='lat' dir='ltr'>tenues</span> <span class='ocrx_word' id='word_1_63' title='bbox 572 767 647 806; x_wconf 90' lang='lat' dir='ltr'>per</span> <span class='ocrx_word' id='word_1_64' title='bbox 679 754 835 794; x_wconf 87' lang='lat' dir='ltr'>inertia</span> <span class='ocrx_word' id='word_1_65' title='bbox 866 754 1055 807; x_wconf 86' lang='lat' dir='ltr'>pondera</span> <span class='ocrx_word' id='word_1_66' title='bbox 1087 756 1241 794; x_wconf 87' lang='lat' dir='ltr'>motus.</span> 
     </span>
     <span class='ocr_line' id='line_1_13' title="bbox 117 810 1261 867; baseline 0 -14"><span class='ocrx_word' id='word_1_67' title='bbox 117 812 282 862; x_wconf 85' lang='lat' dir='ltr'>Quarta</span> <span class='ocrx_word' id='word_1_68' title='bbox 313 812 358 852; x_wconf 87' lang='lat' dir='ltr'>in</span> <span class='ocrx_word' id='word_1_69' title='bbox 391 811 488 852; x_wconf 88' lang='lat' dir='ltr'>sede</span> <span class='ocrx_word' id='word_1_70' title='bbox 521 811 640 866; x_wconf 90' lang='lat' dir='ltr'>uiget</span> <span class='ocrx_word' id='word_1_71' title='bbox 671 812 799 865; x_wconf 89' lang='lat' dir='ltr'>primi</span> <span class='ocrx_word' id='word_1_72' title='bbox 831 812 1100 867; x_wconf 82' lang='lat' dir='ltr'>indulgentia</span> <span class='ocrx_word' id='word_1_73' title='bbox 1133 810 1261 866; x_wconf 79' lang='lat' dir='ltr'>Solis,</span> 
     </span>
     <span class='ocr_line' id='line_1_14' title="bbox 117 869 1181 912; baseline 0 0"><span class='ocrx_word' id='word_1_74' title='bbox 117 869 276 912; x_wconf 80' lang='lat' dir='ltr'>Suadet</span> <span class='ocrx_word' id='word_1_75' title='bbox 308 872 351 911; x_wconf 88' lang='lat' dir='ltr'>et</span> <span class='ocrx_word' id='word_1_76' title='bbox 382 870 550 911; x_wconf 89' lang='lat' dir='ltr'>infusus</span> <span class='ocrx_word' id='word_1_77' title='bbox 583 873 754 911; x_wconf 88' lang='lat' dir='ltr'>teneros</span> <span class='ocrx_word' id='word_1_78' title='bbox 787 871 1024 912; x_wconf 76' lang='lat' dir='ltr'>coalescere</span> <span class='ocrx_word' id='word_1_79' title='bbox 1057 871 1181 912; x_wconf 88' lang='lat' dir='ltr'>fetus.</span> 
     </span>
     <span class='ocr_line' id='line_1_15' title="bbox 116 929 1171 985; baseline 0 -14"><span class='ocrx_word' id='word_1_80' title='bbox 116 929 279 985; x_wconf 88' lang='lat' dir='ltr'>Fulgor</span> <span class='ocrx_word' id='word_1_81' title='bbox 310 932 541 984; x_wconf 89' lang='lat' dir='ltr'>tetragono</span> <span class='ocrx_word' id='word_1_82' title='bbox 576 929 758 983; x_wconf 85' lang='lat' dir='ltr'>adpectu</span> <span class='ocrx_word' id='word_1_83' title='bbox 791 930 924 971; x_wconf 87' lang='lat' dir='ltr'>uitale</span> <span class='ocrx_word' id='word_1_84' title='bbox 957 933 1171 983; x_wconf 79' lang='lat' dir='ltr'>coruscat,</span> 
     </span>
     <span class='ocr_line' id='line_1_16' title="bbox 116 987 1322 1044; baseline -0.002 -13"><span class='ocrx_word' id='word_1_85' title='bbox 116 987 289 1031; x_wconf 82' lang='lat' dir='ltr'>Clarum</span> <span class='ocrx_word' id='word_1_86' title='bbox 322 991 364 1029; x_wconf 91' lang='lat' dir='ltr'>et</span> <span class='ocrx_word' id='word_1_87' title='bbox 394 988 490 1030; x_wconf 89' lang='lat' dir='ltr'>lene</span> <span class='ocrx_word' id='word_1_88' title='bbox 523 987 704 1041; x_wconf 85' lang='lat' dir='ltr'>micans,</span> <span class='ocrx_word' id='word_1_89' title='bbox 737 989 874 1043; x_wconf 85' lang='lat' dir='ltr'>quinti</span> <span class='ocrx_word' id='word_1_90' title='bbox 907 990 977 1044; x_wconf 87' lang='lat' dir='ltr'>qui</span> <span class='ocrx_word' id='word_1_91' title='bbox 1010 989 1177 1030; x_wconf 87' lang='lat' dir='ltr'>cardine</span> <span class='ocrx_word' id='word_1_92' title='bbox 1211 988 1322 1043; x_wconf 85' lang='lat' dir='ltr'>signi</span> 
     </span>
     <span class='ocr_line' id='line_1_17' title="bbox 116 1047 1239 1102; baseline 0 -14"><span class='ocrx_word' id='word_1_93' title='bbox 116 1047 278 1089; x_wconf 87' lang='lat' dir='ltr'>Incutit</span> <span class='ocrx_word' id='word_1_94' title='bbox 312 1047 545 1088; x_wconf 86' lang='lat' dir='ltr'>attonitam</span> <span class='ocrx_word' id='word_1_95' title='bbox 577 1050 778 1102; x_wconf 89' lang='lat' dir='ltr'>uegetato</span> <span class='ocrx_word' id='word_1_96' title='bbox 811 1047 974 1089; x_wconf 85' lang='lat' dir='ltr'>infante</span> <span class='ocrx_word' id='word_1_97' title='bbox 1007 1050 1239 1102; x_wconf 86' lang='lat' dir='ltr'>parentem.</span> 
     </span>
     <span class='ocr_line' id='line_1_18' title="bbox 116 1105 1244 1161; baseline 0 -14"><span class='ocrx_word' id='word_1_98' title='bbox 116 1105 230 1148; x_wconf 89' lang='lat' dir='ltr'>Nam</span> <span class='ocrx_word' id='word_1_99' title='bbox 262 1108 382 1147; x_wconf 85' lang='lat' dir='ltr'>sexto</span> <span class='ocrx_word' id='word_1_100' title='bbox 415 1106 481 1147; x_wconf 90' lang='lat' dir='ltr'>uis</span> <span class='ocrx_word' id='word_1_101' title='bbox 514 1107 632 1147; x_wconf 87' lang='lat' dir='ltr'>nulla</span> <span class='ocrx_word' id='word_1_102' title='bbox 664 1107 774 1160; x_wconf 83' lang='lat' dir='ltr'>loco,</span> <span class='ocrx_word' id='word_1_103' title='bbox 809 1107 908 1161; x_wconf 83' lang='lat' dir='ltr'>quia</span> <span class='ocrx_word' id='word_1_104' title='bbox 945 1107 1065 1148; x_wconf 86' lang='lat' dir='ltr'>nulla</span> <span class='ocrx_word' id='word_1_105' title='bbox 1096 1106 1244 1147; x_wconf 89' lang='lat' dir='ltr'>tuendi</span> 
     </span>
     <span class='ocr_line' id='line_1_19' title="bbox 116 1165 1117 1221; baseline 0.002 -16"><span class='ocrx_word' id='word_1_106' title='bbox 116 1165 304 1220; x_wconf 85' lang='lat' dir='ltr'>Aequati</span> <span class='ocrx_word' id='word_1_107' title='bbox 336 1165 484 1206; x_wconf 86' lang='lat' dir='ltr'>lateris</span> <span class='ocrx_word' id='word_1_108' title='bbox 518 1166 715 1220; x_wconf 85' lang='lat' dir='ltr'>signatur</span> <span class='ocrx_word' id='word_1_109' title='bbox 746 1166 897 1221; x_wconf 82' lang='lat' dir='ltr'>regula</span> <span class='ocrx_word' id='word_1_110' title='bbox 929 1165 1117 1207; x_wconf 87' lang='lat' dir='ltr'>Phoebo.</span> 
     </span>
    </p>

    <p class='ocr_par' dir='ltr' id='par_1_4' title="bbox 118 1223 1253 1691">
     <span class='ocr_line' id='line_1_20' title="bbox 119 1223 1253 1279; baseline 0 -14"><span class='ocrx_word' id='word_1_111' title='bbox 119 1224 202 1265; x_wconf 89' lang='lat' dir='ltr'>Ast</span> <span class='ocrx_word' id='word_1_112' title='bbox 235 1223 309 1265; x_wconf 89' lang='lat' dir='ltr'>ubi</span> <span class='ocrx_word' id='word_1_113' title='bbox 341 1223 572 1278; x_wconf 82' lang='lat' dir='ltr'>signiferae</span> <span class='ocrx_word' id='word_1_114' title='bbox 603 1224 743 1265; x_wconf 86' lang='lat' dir='ltr'>media</span> <span class='ocrx_word' id='word_1_115' title='bbox 775 1225 820 1266; x_wconf 88' lang='lat' dir='ltr'>in</span> <span class='ocrx_word' id='word_1_116' title='bbox 852 1224 1029 1279; x_wconf 85' lang='lat' dir='ltr'>regione</span> <span class='ocrx_word' id='word_1_117' title='bbox 1062 1224 1253 1266; x_wconf 85' lang='lat' dir='ltr'>cohortis</span> 
     </span>
     <span class='ocr_line' id='line_1_21' title="bbox 120 1282 1165 1338; baseline -0.001 -13"><span class='ocrx_word' id='word_1_118' title='bbox 120 1282 340 1338; x_wconf 79' lang='lat' dir='ltr'>Septimus</span> <span class='ocrx_word' id='word_1_119' title='bbox 374 1283 539 1337; x_wconf 86' lang='lat' dir='ltr'>accepit</span> <span class='ocrx_word' id='word_1_120' title='bbox 571 1283 692 1324; x_wconf 91' lang='lat' dir='ltr'>limes</span> <span class='ocrx_word' id='word_1_121' title='bbox 726 1283 951 1325; x_wconf 88' lang='lat' dir='ltr'>rutilantia</span> <span class='ocrx_word' id='word_1_122' title='bbox 982 1283 1165 1325; x_wconf 83' lang='lat' dir='ltr'>flammis</span> 
     </span>
     <span class='ocr_line' id='line_1_22' title="bbox 118 1342 1196 1397; baseline 0 -14"><span class='ocrx_word' id='word_1_123' title='bbox 118 1342 254 1384; x_wconf 88' lang='lat' dir='ltr'>Recto</span> <span class='ocrx_word' id='word_1_124' title='bbox 288 1344 430 1383; x_wconf 87' lang='lat' dir='ltr'>castra</span> <span class='ocrx_word' id='word_1_125' title='bbox 462 1343 565 1383; x_wconf 84' lang='lat' dir='ltr'>situ:</span> <span class='ocrx_word' id='word_1_126' title='bbox 597 1342 811 1397; x_wconf 86' lang='lat' dir='ltr'>turgentis</span> <span class='ocrx_word' id='word_1_127' title='bbox 845 1342 1017 1384; x_wconf 88' lang='lat' dir='ltr'>foedera</span> <span class='ocrx_word' id='word_1_128' title='bbox 1048 1345 1196 1396; x_wconf 83' lang='lat' dir='ltr'>partus</span> 
     </span>
     <span class='ocr_line' id='line_1_23' title="bbox 118 1400 1236 1456; baseline 0 -14"><span class='ocrx_word' id='word_1_129' title='bbox 118 1400 212 1442; x_wconf 91' lang='lat' dir='ltr'>Iam</span> <span class='ocrx_word' id='word_1_130' title='bbox 245 1401 372 1456; x_wconf 85' lang='lat' dir='ltr'>plena</span> <span class='ocrx_word' id='word_1_131' title='bbox 404 1401 482 1442; x_wconf 87' lang='lat' dir='ltr'>sub</span> <span class='ocrx_word' id='word_1_132' title='bbox 516 1401 609 1442; x_wconf 90' lang='lat' dir='ltr'>luce</span> <span class='ocrx_word' id='word_1_133' title='bbox 641 1401 775 1455; x_wconf 77' lang='lat' dir='ltr'>uidet,</span> <span class='ocrx_word' id='word_1_134' title='bbox 807 1416 883 1443; x_wconf 87' lang='lat' dir='ltr'>nec</span> <span class='ocrx_word' id='word_1_135' title='bbox 915 1401 1086 1456; x_wconf 82' lang='lat' dir='ltr'>fulgura</span> <span class='ocrx_word' id='word_1_136' title='bbox 1119 1402 1236 1455; x_wconf 82' lang='lat' dir='ltr'>parci</span> 
     </span>
     <span class='ocr_line' id='line_1_24' title="bbox 121 1459 1208 1515; baseline 0 -14"><span class='ocrx_word' id='word_1_137' title='bbox 121 1460 318 1501; x_wconf 85' lang='lat' dir='ltr'>Luminis</span> <span class='ocrx_word' id='word_1_138' title='bbox 350 1459 577 1501; x_wconf 85' lang='lat' dir='ltr'>intendens</span> <span class='ocrx_word' id='word_1_139' title='bbox 609 1462 703 1501; x_wconf 91' lang='lat' dir='ltr'>toto</span> <span class='ocrx_word' id='word_1_140' title='bbox 735 1460 854 1501; x_wconf 85' lang='lat' dir='ltr'>fouet</span> <span class='ocrx_word' id='word_1_141' title='bbox 885 1460 984 1515; x_wconf 90' lang='lat' dir='ltr'>igne</span> <span class='ocrx_word' id='word_1_142' title='bbox 1017 1475 1208 1502; x_wconf 85' lang='lat' dir='ltr'>coronae.</span> 
     </span>
     <span class='ocr_line' id='line_1_25' title="bbox 121 1518 1186 1573; baseline 0 -13"><span class='ocrx_word' id='word_1_143' title='bbox 121 1518 237 1561; x_wconf 89' lang='lat' dir='ltr'>Hinc</span> <span class='ocrx_word' id='word_1_144' title='bbox 270 1519 395 1569; x_wconf 87' lang='lat' dir='ltr'>illud,</span> <span class='ocrx_word' id='word_1_145' title='bbox 430 1519 543 1573; x_wconf 88' lang='lat' dir='ltr'>quod</span> <span class='ocrx_word' id='word_1_146' title='bbox 575 1519 790 1573; x_wconf 88' lang='lat' dir='ltr'>legitimos</span> <span class='ocrx_word' id='word_1_147' title='bbox 823 1518 984 1561; x_wconf 87' lang='lat' dir='ltr'>Lucina</span> <span class='ocrx_word' id='word_1_148' title='bbox 1016 1519 1186 1561; x_wconf 88' lang='lat' dir='ltr'>labores</span> 
     </span>
     <span class='ocr_line' id='line_1_26' title="bbox 119 1577 1245 1632; baseline 0.001 -14"><span class='ocrx_word' id='word_1_149' title='bbox 119 1577 353 1619; x_wconf 89' lang='lat' dir='ltr'>Praeuenit</span> <span class='ocrx_word' id='word_1_150' title='bbox 385 1580 427 1619; x_wconf 90' lang='lat' dir='ltr'>et</span> <span class='ocrx_word' id='word_1_151' title='bbox 460 1578 662 1632; x_wconf 84' lang='lat' dir='ltr'>grauidos</span> <span class='ocrx_word' id='word_1_152' title='bbox 696 1579 826 1619; x_wconf 87' lang='lat' dir='ltr'>sentit</span> <span class='ocrx_word' id='word_1_153' title='bbox 860 1579 1089 1632; x_wconf 88' lang='lat' dir='ltr'>subrepere</span> <span class='ocrx_word' id='word_1_154' title='bbox 1121 1578 1245 1620; x_wconf 79' lang='lat' dir='ltr'>nixus</span> 
     </span>
     <span class='ocr_line' id='line_1_27' title="bbox 120 1637 1161 1691; baseline 0.001 -13"><span class='ocrx_word' id='word_1_155' title='bbox 120 1637 238 1679; x_wconf 89' lang='lat' dir='ltr'>Ante</span> <span class='ocrx_word' id='word_1_156' title='bbox 271 1639 541 1691; x_wconf 85' lang='lat' dir='ltr'>expectatum</span> <span class='ocrx_word' id='word_1_157' title='bbox 572 1637 728 1678; x_wconf 85' lang='lat' dir='ltr'>festina</span> <span class='ocrx_word' id='word_1_158' title='bbox 760 1652 970 1691; x_wconf 86' lang='lat' dir='ltr'>puerpera</span> <span class='ocrx_word' id='word_1_159' title='bbox 1001 1641 1161 1679; x_wconf 85' lang='lat' dir='ltr'>uotum.</span> 
     </span>
    </p>
   </div>
   <div class='ocr_carea' id='block_1_3' title="bbox 1423 293 1465 324">
    <p class='ocr_par' dir='ltr' id='par_1_5' title="bbox 1423 293 1465 324">
     <span class='ocr_line' id='line_1_28' title="bbox 1423 293 1465 324; baseline 0.024 -1"><span class='ocrx_word' id='word_1_160' title='bbox 1423 293 1465 324; x_wconf 89' lang='lat'>10</span> 
     </span>
    </p>
   </div>
   <div class='ocr_carea' id='block_1_4' title="bbox 1426 587 1465 618">
    <p class='ocr_par' dir='ltr' id='par_1_6' title="bbox 1426 587 1465 618">
     <span class='ocr_line' id='line_1_29' title="bbox 1426 587 1465 618; baseline 0 0"><span class='ocrx_word' id='word_1_161' title='bbox 1426 587 1465 618; x_wconf 86' lang='lat'>15</span> 
     </span>
    </p>
   </div>
   <div class='ocr_carea' id='block_1_5' title="bbox 1421 882 1465 912">
    <p class='ocr_par' dir='ltr' id='par_1_7' title="bbox 1421 882 1465 912">
     <span class='ocr_line' id='line_1_30' title="bbox 1421 882 1465 912; baseline 0 0"><span class='ocrx_word' id='word_1_162' title='bbox 1421 882 1465 912; x_wconf 81' lang='lat'>‘20</span> 
     </span>
    </p>
   </div>
   <div class='ocr_carea' id='block_1_6' title="bbox 1423 1176 1466 1207">
    <p class='ocr_par' dir='ltr' id='par_1_8' title="bbox 1423 1176 1466 1207">
     <span class='ocr_line' id='line_1_31' title="bbox 1423 1176 1466 1207; baseline 0.023 -1"><span class='ocrx_word' id='word_1_163' title='bbox 1423 1176 1466 1207; x_wconf 78' lang='lat'>25</span> 
     </span>
    </p>
   </div>
   <div class='ocr_carea' id='block_1_7' title="bbox 1424 1471 1467 1502">
    <p class='ocr_par' dir='ltr' id='par_1_9' title="bbox 1424 1471 1467 1502">
     <span class='ocr_line' id='line_1_32' title="bbox 1424 1471 1467 1502; baseline 0 0"><span class='ocrx_word' id='word_1_164' title='bbox 1424 1471 1467 1502; x_wconf 86' lang='lat'>30</span> 
     </span>
    </p>
   </div>
   <div class='ocr_carea' id='block_1_8' title="bbox 116 1741 1468 2070">
    <p class='ocr_par' dir='ltr' id='par_1_10' title="bbox 116 1741 1468 2070">
     <span class='ocr_line' id='line_1_33' title="bbox 214 1741 1468 1785; baseline 0 -9"><span class='ocrx_word' id='word_1_165' title='bbox 214 1746 234 1776; x_wconf 90' lang='lat'>8</span> <span class='ocrx_word' id='word_1_166' title='bbox 261 1752 356 1785; x_wconf 85' lang='lat' dir='ltr'>quae</span> <span class='ocrx_word' id='word_1_167' title='bbox 383 1743 483 1776; x_wconf 81' lang='lat' dir='ltr'>satos</span> <span class='ocrx_word' id='word_1_168' title='bbox 515 1741 549 1776; x_wconf 90' lang='lat' dir='ltr'><strong><em>V</em></strong></span> <span class='ocrx_word' id='word_1_169' title='bbox 578 1751 668 1776; x_wconf 80' lang='lat' dir='ltr'>corr.</span> <span class='ocrx_word' id='word_1_170' title='bbox 693 1741 856 1785; x_wconf 66' lang='lat' dir='ltr'>Scahqcr</span> <span class='ocrx_word' id='word_1_171' title='bbox 956 1745 998 1775; x_wconf 89' lang='lat'>10</span> <span class='ocrx_word' id='word_1_172' title='bbox 1025 1743 1173 1776; x_wconf 76' lang='lat' dir='ltr'>exorate</span> <span class='ocrx_word' id='word_1_173' title='bbox 1208 1741 1241 1775; x_wconf 92' lang='lat' dir='ltr'><strong><em>V</em></strong></span> <span class='ocrx_word' id='word_1_174' title='bbox 1263 1752 1352 1777; x_wconf 78' lang='lat' dir='ltr'>corr.</span> <span class='ocrx_word' id='word_1_175' title='bbox 1381 1741 1468 1776; x_wconf 71' lang='lat' dir='ltr'>Sca-</span> 
     </span>
     <span class='ocr_line' id='line_1_34' title="bbox 121 1787 1467 1833; baseline -0.001 -9"><span class='ocrx_word' id='word_1_176' title='bbox 121 1790 211 1833; x_wconf 71' lang='lat' dir='ltr'>Iz&#39;yer</span> <span class='ocrx_word' id='word_1_177' title='bbox 303 1792 344 1822; x_wconf 87' lang='lat'>11</span> <span class='ocrx_word' id='word_1_178' title='bbox 372 1799 461 1823; x_wconf 84' lang='lat' dir='ltr'>aruo</span> <span class='ocrx_word' id='word_1_179' title='bbox 489 1788 667 1823; x_wconf 71' lang='lat' dir='ltr'>Heinsius</span> <span class='ocrx_word' id='word_1_180' title='bbox 696 1787 878 1823; x_wconf 60' lang='lat' dir='ltr'>Graculus</span> <span class='ocrx_word' id='word_1_181' title='bbox 906 1790 995 1831; x_wconf 78' lang='lat' dir='ltr'>(coll.</span> <span class='ocrx_word' id='word_1_182' title='bbox 1031 1789 1162 1833; x_wconf 71' lang='lat' dir='ltr'>Veryil.</span> <span class='ocrx_word' id='word_1_183' title='bbox 1191 1788 1235 1823; x_wconf 79' lang='lat' dir='ltr'>G.</span> <span class='ocrx_word' id='word_1_184' title='bbox 1263 1789 1346 1822; x_wconf 89' lang='lat' dir='ltr'>III</span> <span class='ocrx_word' id='word_1_185' title='bbox 1371 1790 1467 1831; x_wconf 78' lang='lat'>136),</span> 
     </span>
     <span class='ocr_line' id='line_1_35' title="bbox 120 1835 1466 1881; baseline -0.001 -11"><span class='ocrx_word' id='word_1_186' title='bbox 120 1836 206 1870; x_wconf 88' lang='lat' dir='ltr'>albo</span> <span class='ocrx_word' id='word_1_187' title='bbox 235 1835 273 1880; x_wconf 87' lang='lat' dir='ltr'>(b</span> <span class='ocrx_word' id='word_1_188' title='bbox 299 1837 340 1870; x_wconf 77' lang='lat' dir='ltr'>in</span> <span class='ocrx_word' id='word_1_189' title='bbox 364 1848 386 1870; x_wconf 90' lang='lat' dir='ltr'>v</span> <span class='ocrx_word' id='word_1_190' title='bbox 414 1837 476 1879; x_wconf 80' lang='grc' dir='ltr'>αῖ.)</span> <span class='ocrx_word' id='word_1_191' title='bbox 505 1836 539 1869; x_wconf 88' lang='lat' dir='ltr'><em>V</em></span> <span class='ocrx_word' id='word_1_192' title='bbox 636 1839 677 1869; x_wconf 82' lang='lat'>12</span> <span class='ocrx_word' id='word_1_193' title='bbox 704 1837 768 1870; x_wconf 83' lang='lat' dir='ltr'>aut</span> <span class='ocrx_word' id='word_1_194' title='bbox 804 1836 848 1869; x_wconf 71' lang='lat'>1⁷1</span> <span class='ocrx_word' id='word_1_195' title='bbox 885 1836 1036 1870; x_wconf 88' lang='lat' dir='ltr'>duuium</span> <span class='ocrx_word' id='word_1_196' title='bbox 1070 1836 1103 1869; x_wconf 87' lang='lat' dir='ltr'><em>V</em></span> <span class='ocrx_word' id='word_1_197' title='bbox 1188 1839 1230 1869; x_wconf 86' lang='lat'>14</span> <span class='ocrx_word' id='word_1_198' title='bbox 1257 1835 1466 1881; x_wconf 82' lang='lat' dir='ltr'>contiguos:</span> 
     </span>
     <span class='ocr_line' id='line_1_36' title="bbox 121 1882 1466 1929; baseline -0.001 -11"><span class='ocrx_word' id='word_1_199' title='bbox 121 1895 145 1928; x_wconf 93' lang='lat' dir='ltr'>g</span> <span class='ocrx_word' id='word_1_200' title='bbox 165 1895 208 1918; x_wconf 66' lang='grc' dir='ltr'>σω</span> <span class='ocrx_word' id='word_1_201' title='bbox 228 1887 275 1917; x_wconf 86' lang='lat' dir='ltr'>n‘?</span> <span class='ocrx_word' id='word_1_202' title='bbox 304 1882 338 1916; x_wconf 92' lang='lat' dir='ltr'><em>V</em></span> <span class='ocrx_word' id='word_1_203' title='bbox 409 1887 452 1917; x_wconf 88' lang='grc'>15</span> <span class='ocrx_word' id='word_1_204' title='bbox 478 1883 680 1917; x_wconf 80' lang='lat' dir='ltr'>conuersis:</span> <span class='ocrx_word' id='word_1_205' title='bbox 707 1883 782 1917; x_wconf 64' lang='lat' dir='ltr'>ies.</span> <span class='ocrx_word' id='word_1_206' title='bbox 802 1896 825 1917; x_wconf 92' lang='lat' dir='ltr'>u</span> <span class='ocrx_word' id='word_1_207' title='bbox 855 1883 912 1929; x_wconf 78' lang='lat' dir='ltr'>Vl</span> <span class='ocrx_word' id='word_1_208' title='bbox 936 1883 1061 1918; x_wconf 82' lang='lat' dir='ltr'>ahenis</span> <span class='ocrx_word' id='word_1_209' title='bbox 1090 1882 1124 1916; x_wconf 90' lang='lat' dir='ltr'><em>V</em></span> <span class='ocrx_word' id='word_1_210' title='bbox 1196 1886 1236 1917; x_wconf 86' lang='grc'>16</span> <span class='ocrx_word' id='word_1_211' title='bbox 1263 1893 1466 1927; x_wconf 83' lang='lat' dir='ltr'>purpureo:</span> 
     </span>
     <span class='ocr_line' id='line_1_37' title="bbox 119 1929 1466 1977; baseline 0 -13"><span class='ocrx_word' id='word_1_212' title='bbox 119 1941 139 1964; x_wconf 94' lang='grc' dir='ltr'>ο</span> <span class='ocrx_word' id='word_1_213' title='bbox 167 1942 210 1964; x_wconf 74' lang='lat' dir='ltr'>ex</span> <span class='ocrx_word' id='word_1_214' title='bbox 235 1942 259 1964; x_wconf 92' lang='lat' dir='ltr'>u</span> <span class='ocrx_word' id='word_1_215' title='bbox 290 1929 335 1964; x_wconf 90' lang='lat' dir='ltr'>VS</span> <span class='ocrx_word' id='word_1_216' title='bbox 422 1934 462 1964; x_wconf 86' lang='lat'>17</span> <span class='ocrx_word' id='word_1_217' title='bbox 498 1929 671 1977; x_wconf 72' lang='lat' dir='ltr'>obliquae</span> <span class='ocrx_word' id='word_1_218' title='bbox 707 1931 789 1973; x_wconf 70' lang='lat' dir='ltr'>(litt.</span> <span class='ocrx_word' id='word_1_219' title='bbox 818 1942 837 1977; x_wconf 67' lang='lat' dir='ltr'>fg</span> <span class='ocrx_word' id='word_1_220' title='bbox 864 1931 1019 1973; x_wconf 74' lang='lat' dir='ltr'>inferior</span> <span class='ocrx_word' id='word_1_221' title='bbox 1049 1940 1138 1974; x_wconf 78' lang='lat' dir='ltr'>pars</span> <span class='ocrx_word' id='word_1_222' title='bbox 1163 1933 1279 1973; x_wconf 79' lang='lat' dir='ltr'>erasa)</span> <span class='ocrx_word' id='word_1_223' title='bbox 1314 1930 1347 1962; x_wconf 70' lang='grc' dir='ltr'>Γ</span> <span class='ocrx_word' id='word_1_224' title='bbox 1376 1940 1466 1964; x_wconf 81' lang='lat' dir='ltr'>corr.</span> 
     </span>
     <span class='ocr_line' id='line_1_38' title="bbox 116 1976 1468 2021; baseline 0.001 -10"><span class='ocrx_word' id='word_1_225' title='bbox 116 1977 289 2021; x_wconf 72' lang='lat' dir='ltr'>Lugydmz.</span> <span class='ocrx_word' id='word_1_226' title='bbox 314 1979 318 2021; x_wconf 86' lang='grc' dir='ltr'>Ι</span> <span class='ocrx_word' id='word_1_227' title='bbox 342 1976 498 2011; x_wconf 87' lang='lat' dir='ltr'>dimittit</span> <span class='ocrx_word' id='word_1_228' title='bbox 519 1977 553 2011; x_wconf 89' lang='lat' dir='ltr'><em>V</em></span> <span class='ocrx_word' id='word_1_229' title='bbox 569 1988 657 2012; x_wconf 77' lang='lat' dir='ltr'>corr.</span> <span class='ocrx_word' id='word_1_230' title='bbox 673 1977 712 2011; x_wconf 79' lang='lat' dir='ltr'><em>F</em></span> <span class='ocrx_word' id='word_1_231' title='bbox 714 1978 851 2012; x_wconf 70' lang='lat' dir='ltr'>luridus</span> <span class='ocrx_word' id='word_1_232' title='bbox 920 1982 963 2011; x_wconf 75' lang='lat'>‘20</span> <span class='ocrx_word' id='word_1_233' title='bbox 990 1977 1129 2011; x_wconf 84' lang='lat' dir='ltr'>infusos</span> <span class='ocrx_word' id='word_1_234' title='bbox 1154 1977 1185 2009; x_wconf 88' lang='lat' dir='ltr'><em>V</em></span> <span class='ocrx_word' id='word_1_235' title='bbox 1201 1988 1291 2012; x_wconf 83' lang='lat' dir='ltr'>corr.</span> <span class='ocrx_word' id='word_1_236' title='bbox 1306 1976 1468 2021; x_wconf 74' lang='lat' dir='ltr'>Scaliyer</span> 
     </span>
     <span class='ocr_line' id='line_1_39' title="bbox 117 2023 1467 2070; baseline -0.001 -11"><span class='ocrx_word' id='word_1_237' title='bbox 117 2026 192 2067; x_wconf 81' lang='lat'>2,3</span> <span class='ocrx_word' id='word_1_238' title='bbox 267 2028 309 2058; x_wconf 74' lang='lat'>21</span> <span class='ocrx_word' id='word_1_239' title='bbox 337 2025 525 2069; x_wconf 83' lang='lat' dir='ltr'>tetrigono</span> <span class='ocrx_word' id='word_1_240' title='bbox 555 2024 587 2057; x_wconf 82' lang='lat' dir='ltr'><em>V</em></span> <span class='ocrx_word' id='word_1_241' title='bbox 609 2035 699 2059; x_wconf 78' lang='lat' dir='ltr'>corr.</span> <span class='ocrx_word' id='word_1_242' title='bbox 729 2024 906 2070; x_wconf 72' lang='lat' dir='ltr'>Vinetusl</span> <span class='ocrx_word' id='word_1_243' title='bbox 935 2025 1108 2068; x_wconf 82' lang='lat' dir='ltr'>aspectus</span> <span class='ocrx_word' id='word_1_244' title='bbox 1143 2024 1175 2058; x_wconf 77' lang='lat' dir='ltr'><em>V</em></span> <span class='ocrx_word' id='word_1_245' title='bbox 1197 2034 1286 2059; x_wconf 79' lang='lat' dir='ltr'>corr.</span> <span class='ocrx_word' id='word_1_246' title='bbox 1318 2023 1467 2059; x_wconf 76' lang='lat' dir='ltr'>Vinctus</span> 
     </span>
    </p>
   </div>
   <div class='ocr_carea' id='block_1_9' title="bbox 177 2080 1399 2140">
    <p class='ocr_par' dir='ltr' id='par_1_11' title="bbox 177 2080 1399 2140">
     <span class='ocr_line' id='line_1_40' title="bbox 177 2080 1399 2140; baseline -0.001 -11"><span class='ocrx_word' id='word_1_247' title='bbox 177 2098 221 2129; x_wconf 77' lang='lat'>22</span> <span class='ocrx_word' id='word_1_248' title='bbox 248 2094 311 2138; x_wconf 89' lang='lat' dir='ltr'>qui</span> <span class='ocrx_word' id='word_1_249' title='bbox 338 2094 499 2140; x_wconf 68' lang='lat' dir='ltr'>Scaliyer</span> <span class='ocrx_word' id='word_1_250' title='bbox 525 2097 599 2137; x_wconf 77' lang='lat'>2,3</span> <span class='ocrx_word' id='word_1_251' title='bbox 627 2080 649 2138; x_wconf 63' lang='grc' dir='ltr'>(ῗ</span> <span class='ocrx_word' id='word_1_252' title='bbox 678 2095 710 2128; x_wconf 68' lang='grc' dir='ltr'>Γ</span> <span class='ocrx_word' id='word_1_253' title='bbox 739 2106 808 2140; x_wconf 88' lang='lat' dir='ltr'>que</span> <span class='ocrx_word' id='word_1_254' title='bbox 837 2106 855 2130; x_wconf 94' lang='lat' dir='ltr'>e</span> <span class='ocrx_word' id='word_1_255' title='bbox 882 2095 1033 2130; x_wconf 67' lang='lat' dir='ltr'>Schenkl</span> <span class='ocrx_word' id='word_1_256' title='bbox 1130 2098 1173 2129; x_wconf 78' lang='lat'>‘25</span> <span class='ocrx_word' id='word_1_257' title='bbox 1206 2094 1330 2139; x_wconf 87' lang='lat' dir='ltr'>phebo</span> <span class='ocrx_word' id='word_1_258' title='bbox 1366 2094 1399 2128; x_wconf 79' lang='grc' dir='ltr'>Γ</span> 
     </span>
    </p>
   </div>
   <div class='ocr_carea' id='block_1_10' title="bbox 117 2141 1340 2188">
    <p class='ocr_par' dir='ltr' id='par_1_12' title="bbox 117 2141 1340 2188">
     <span class='ocr_line' id='line_1_41' title="bbox 117 2141 1340 2188; baseline -0.001 -11"><span class='ocrx_word' id='word_1_259' title='bbox 117 2145 161 2177; x_wconf 81' lang='lat'>26</span> <span class='ocrx_word' id='word_1_260' title='bbox 195 2141 348 2186; x_wconf 83' lang='lat' dir='ltr'>signifer</span> <span class='ocrx_word' id='word_1_261' title='bbox 379 2146 410 2176; x_wconf 71' lang='lat' dir='ltr'>ct</span> <span class='ocrx_word' id='word_1_262' title='bbox 443 2142 612 2177; x_wconf 82' lang='lat' dir='ltr'>cohortes</span> <span class='ocrx_word' id='word_1_263' title='bbox 646 2141 679 2175; x_wconf 94' lang='lat' dir='ltr'><em>V</em></span> <span class='ocrx_word' id='word_1_264' title='bbox 711 2153 801 2177; x_wconf 80' lang='lat' dir='ltr'>corr.</span> <span class='ocrx_word' id='word_1_265' title='bbox 830 2143 993 2188; x_wconf 74' lang='lat' dir='ltr'>Scaliyer</span> <span class='ocrx_word' id='word_1_266' title='bbox 1077 2145 1120 2175; x_wconf 79' lang='lat'>28</span> <span class='ocrx_word' id='word_1_267' title='bbox 1146 2142 1274 2176; x_wconf 81' lang='lat' dir='ltr'>federa</span> <span class='ocrx_word' id='word_1_268' title='bbox 1307 2141 1340 2176; x_wconf 73' lang='grc' dir='ltr'>Γ</span> 
     </span>
    </p>
   </div>
   <div class='ocr_carea' id='block_1_11' title="bbox 1421 2145 1464 2176">
    <p class='ocr_par' dir='ltr' id='par_1_13' title="bbox 1421 2145 1464 2176">
     <span class='ocr_line' id='line_1_42' title="bbox 1421 2145 1464 2176; baseline 0.023 -1"><span class='ocrx_word' id='word_1_269' title='bbox 1421 2145 1464 2176; x_wconf 77' lang='lat'>29</span> 
     </span>
    </p>
   </div>
   <div class='ocr_carea' id='block_1_12' title="bbox 116 2190 1465 2292">
    <p class='ocr_par' dir='ltr' id='par_1_14' title="bbox 116 2190 1465 2292">
     <span class='ocr_line' id='line_1_43' title="bbox 116 2190 1465 2245; baseline -0.001 -10"><span class='ocrx_word' id='word_1_270' title='bbox 116 2201 240 2245; x_wconf 74' lang='lat' dir='ltr'>plena:</span> <span class='ocrx_word' id='word_1_271' title='bbox 267 2212 285 2235; x_wconf 91' lang='lat' dir='ltr'>e</span> <span class='ocrx_word' id='word_1_272' title='bbox 313 2201 360 2235; x_wconf 81' lang='lat' dir='ltr'>al.</span> <span class='ocrx_word' id='word_1_273' title='bbox 385 2211 492 2235; x_wconf 75' lang='lat' dir='ltr'>rescr.</span> <span class='ocrx_word' id='word_1_274' title='bbox 524 2200 585 2234; x_wconf 67' lang='grc' dir='ltr'>Γ13</span> <span class='ocrx_word' id='word_1_275' title='bbox 614 2202 617 2243; x_wconf 94' lang='grc' dir='ltr'>Ι</span> <span class='ocrx_word' id='word_1_276' title='bbox 653 2201 722 2235; x_wconf 75' lang='lat' dir='ltr'>litt.</span> <span class='ocrx_word' id='word_1_277' title='bbox 750 2201 816 2235; x_wconf 88' lang='lat' dir='ltr'>sub</span> <span class='ocrx_word' id='word_1_278' title='bbox 843 2202 900 2235; x_wconf 83' lang='lat' dir='ltr'>luc</span> <span class='ocrx_word' id='word_1_279' title='bbox 930 2202 966 2235; x_wconf 78' lang='lat' dir='ltr'>in</span> <span class='ocrx_word' id='word_1_280' title='bbox 995 2212 1067 2235; x_wconf 77' lang='lat' dir='ltr'>ras.</span> <span class='ocrx_word' id='word_1_281' title='bbox 1096 2200 1130 2233; x_wconf 76' lang='grc' dir='ltr'>Γ</span> <span class='ocrx_word' id='word_1_282' title='bbox 1223 2204 1267 2235; x_wconf 86' lang='grc'>30</span> <span class='ocrx_word' id='word_1_283' title='bbox 1294 2190 1465 2236; x_wconf 59' lang='grc' dir='ltr'>ἰυῒέἀειιε</span> 
     </span>
     <span class='ocr_line' id='line_1_44' title="bbox 116 2247 1465 2292; baseline -0.001 -9"><span class='ocrx_word' id='word_1_284' title='bbox 116 2251 147 2292; x_wconf 61' lang='lat'>(⁴</span> <span class='ocrx_word' id='word_1_285' title='bbox 179 2249 225 2283; x_wconf 80' lang='grc' dir='ltr'>αἶ.</span> <span class='ocrx_word' id='word_1_286' title='bbox 253 2248 293 2282; x_wconf 74' lang='lat' dir='ltr'>in</span> <span class='ocrx_word' id='word_1_287' title='bbox 317 2249 405 2291; x_wconf 78' lang='lat' dir='ltr'>ras.)</span> <span class='ocrx_word' id='word_1_288' title='bbox 442 2247 497 2292; x_wconf 64' lang='lat' dir='ltr'>Vl</span> <span class='ocrx_word' id='word_1_289' title='bbox 527 2247 630 2282; x_wconf 83' lang='lat' dir='ltr'>fobet</span> <span class='ocrx_word' id='word_1_290' title='bbox 660 2248 715 2290; x_wconf 78' lang='lat' dir='ltr'>V!</span> <span class='ocrx_word' id='word_1_291' title='bbox 745 2260 904 2284; x_wconf 84' lang='lat' dir='ltr'>coronae</span> <span class='ocrx_word' id='word_1_292' title='bbox 940 2248 972 2280; x_wconf 76' lang='grc' dir='ltr'>Γ</span> <span class='ocrx_word' id='word_1_293' title='bbox 1066 2252 1107 2282; x_wconf 85' lang='grc'>31</span> <span class='ocrx_word' id='word_1_294' title='bbox 1145 2247 1229 2282; x_wconf 89' lang='lat' dir='ltr'>illut</span> <span class='ocrx_word' id='word_1_295' title='bbox 1264 2248 1297 2281; x_wconf 70' lang='grc' dir='ltr'>Γ</span> <span class='ocrx_word' id='word_1_296' title='bbox 1324 2251 1327 2291; x_wconf 62' lang='lat'>1</span> <span class='ocrx_word' id='word_1_297' title='bbox 1362 2248 1465 2282; x_wconf 81' lang='lat' dir='ltr'>Iauo-</span> 
     </span>
    </p>
   </div>
   <div class='ocr_carea' id='block_1_13' title="bbox 116 2288 1002 2340">
    <p class='ocr_par' dir='ltr' id='par_1_15' title="bbox 116 2288 1002 2340">
     <span class='ocr_line' id='line_1_45' title="bbox 116 2288 1002 2340; baseline 0.003 -11"><span class='ocrx_word' id='word_1_298' title='bbox 116 2306 173 2329; x_wconf 84' lang='lat' dir='ltr'>res</span> <span class='ocrx_word' id='word_1_299' title='bbox 206 2294 251 2329; x_wconf 81' lang='lat' dir='ltr'>Vl</span> <span class='ocrx_word' id='word_1_300' title='bbox 349 2299 392 2330; x_wconf 76' lang='lat'>3⁶2</span> <span class='ocrx_word' id='word_1_301' title='bbox 426 2294 615 2340; x_wconf 79' lang='lat' dir='ltr'>subripere</span> <span class='ocrx_word' id='word_1_302' title='bbox 651 2295 683 2329; x_wconf 69' lang='grc' dir='ltr'>Γ</span> <span class='ocrx_word' id='word_1_303' title='bbox 712 2307 800 2331; x_wconf 70' lang='lat' dir='ltr'>corr.</span> <span class='ocrx_word' id='word_1_304' title='bbox 831 2288 1002 2339; x_wconf 40' lang='lat' dir='ltr'>Jiu&#39;gydun.</span> 
     </span>
    </p>
   </div>
   <div class='ocr_carea' id='block_1_14' title="bbox 1550 374 1561 540">
    <p class='ocr_par' dir='ltr' id='par_1_16' title="bbox 1550 374 1561 540">
     <span class='ocr_line' id='line_1_46' title="bbox 1550 374 1561 540; textangle 90"><span class='ocrx_word' id='word_1_305' title='bbox 1552 537 1554 540; x_wconf 98' lang='lat'>-</span> <span class='ocrx_word' id='word_1_306' title='bbox 1550 468 1557 520; x_wconf 36' lang='lat' dir='ltr'>*w*</span> <span class='ocrx_word' id='word_1_307' title='bbox 1550 374 1561 457; x_wconf 49' lang='lat' dir='ltr'>——w-„v</span> 
     </span>
    </p>
   </div>
  </div>
 </body>
</html>
