1563 2511
699 59 1023 102 —384—

805 211 918 246 VIIII.

375 280 430 322 ,Ως
456 279 494 316 οἷ
518 279 586 327 μὲν
616 283 742 327 Τρῶες
768 279 941 326 φυλακὰς
968 280 1070 326 ἕχον·
1099 279 1218 327 αὐτὰρ
1242 280 1406 328 Ἀχαιούς

374 331 520 364 Interea
545 328 705 374 uigilum
731 330 894 365 excubiis
923 330 1144 364 cohibentur
1169 328 1314 365 Achiui.

273 412 447 456 Graecis
487 417 529 455 et
566 415 802 468 praeterita
841 414 1119 455 dimicatione
1157 414 1365 468 perculsis
1398 417 1443 456 et
1475 415 1536 456 in-

186 474 327 514 stante
343 473 588 514 conterritis
604 488 801 528 proceres
820 474 873 514 ab
890 473 1218 528 Agamemnone
1234 476 1535 516 conuocantur.

185 531 339 586 quibus
384 546 459 573 rex
500 532 630 587 fugae
675 532 856 574 consilia
895 535 938 573 et
979 535 1236 586 apparatum
1275 532 1535 574 ordinandae

184 605 261 645 per
297 593 469 632 noctem
508 591 800 645 nauigationis
841 591 992 632 indicit
1030 591 1238 633 Diomede
1277 593 1319 632 et
1350 591 1536 634 Nestore

184 649 527 691 dehortantibus.
580 649 788 691 suadente
816 651 959 690 autem
980 648 1165 691 Nestore
1185 650 1298 691 Aiax
1325 655 1367 692 et
1387 650 1536 692 Vlixes

184 708 385 763 legantur
417 708 469 750 ad
492 708 704 749 Achillem
738 708 849 750 dona
883 709 1076 763 ingentia
1107 709 1374 762 pollicentes,
1407 710 1443 750 si
1470 710 1537 751 de-

184 767 311 809 sistat
330 767 457 809 irasci
475 782 604 822 seque
626 767 926 808 auxiliatorem
946 767 1072 808 fessis
1087 768 1213 809 rebus
1229 768 1537 811 adcommodet.

186 826 259 867 sed
285 825 455 868 Achille
483 827 526 868 in
553 826 775 868 iracundia
800 826 1077 880 pertinaciter
1099 830 1377 881 permanente
1404 828 1536 882 legati

183 884 451 927 Achiuorum
483 900 528 927 re
559 900 647 927 non
678 886 909 940 impetrata
940 886 1054 926 irriti
1086 888 1374 928 reuertuntur.

833 1013 877 1048 X.

317 1080 432 1118 ’Ἄλλοι
459 1081 527 1128 μὲν
552 1081 654 1128 παρὰ
681 1084 816 1128 νηυσὶν
842 1081 1014 1129 ἀριστῆες
1041 1085 1302 1139 Πα(ναχαιῶν)

327 1125 441 1165 εὗδον
467 1129 670 1176 παννύχιοι
697 1133 849 1179 μαλακῷ
878 1130 1105 1177 δεδμημένοι
1130 1145 1237 1179 υπνῳ

330 1189 464 1225 Cetera
488 1201 554 1235 per
580 1201 694 1225 naues
722 1202 849 1226 somno
876 1191 998 1236 sopita
1023 1191 1201 1226 manebat

325 1238 450 1272 Turba
477 1237 629 1281 ducum3
658 1239 775 1273 solum
803 1250 890 1273 cura
916 1238 1026 1274 anxia
1052 1241 1163 1273 uexat
1188 1238 1366 1274 Atridem.

270 1321 422 1363 Vlixes
475 1324 518 1363 et
561 1321 790 1364 Diomedes
837 1323 1102 1377 speculatum
1148 1326 1272 1365 nocte
1316 1324 1563 1378 progressi:

184 1381 397 1422 Dolonem
431 1381 746 1436 conspicantur,
780 1382 849 1434 qui
882 1385 925 1424 et
957 1383 1048 1436 ipse
1080 1383 1305 1436 promissis
1333 1382 1534 1425 Hectoris

183 1439 387 1481 incitatus
416 1439 677 1482 Graecorum
710 1441 890 1482 consilia
925 1442 1193 1496 exploratum
1227 1442 1458 1496 prodierat,
1491 1445 1535 1484 et

183 1499 309 1540 fateri
359 1499 561 1541 uniuersa
608 1500 877 1554 compulsum
924 1501 1071 1542 eodem
1117 1501 1212 1542 loco
1258 1501 1532 1543 interficiunt.

184 1573 208 1599 a
247 1573 330 1612 quo
372 1558 601 1600 aduentum
641 1559 774 1600 Rhesi
807 1559 1022 1601 Thracum
1061 1560 1174 1615 regis
1214 1560 1353 1601 edocti
1392 1560 1532 1615 ipsum

184 1632 280 1658 cum
312 1617 533 1659 duodecim
567 1618 829 1660 obtruncant
856 1633 1070 1673 equosque
1098 1619 1186 1660 eius
1215 1620 1448 1673 praemium
1478 1620 1531 1660 si·
1561 1634 1563 1660 1

183 1677 271 1717 mul
320 1678 362 1717 et
406 1678 704 1718 testimonium
750 1678 1036 1732 grassationis
1081 1678 1300 1719 abducunt
1342 1679 1532 1733 insignes

183 1735 364 1777 candore
392 1738 435 1776 et
461 1736 691 1790 celeritate,
724 1739 771 1778 ut
796 1737 969 1778 niuibus
998 1740 1039 1778 et
1059 1737 1199 1779 uentis
1222 1737 1533 1779 antecederent.

279 1887 378 1921 VIIII
402 1892 417 1921 1
442 1885 629 1933 φυλακὰς]
653 1889 864 1932 ῙιΥὰὰηειεΡ
911 1892 929 1922 2
951 1888 1123 1933 uigilium
1138 1889 1174 1923 P
1220 1892 1241 1922 4
1262 1889 1535 1934 agamenoneP

183 1940 202 1968 5
230 1933 406 1969 conscilia
427 1935 463 1969 P
560 1936 861 1970 7deortantibus
891 1936 926 1969 P
947 1939 950 1979 Ι
974 1939 1120 1970 nestare
1148 1935 1224 1970 aias
1253 1918 1304 1970 eto
1314 1936 1424 1970 ulixis
1451 1937 1488 1971 P

183 1981 461 2025 Spollicentes
490 1981 527 2016 Si
554 1983 590 2017 Ρ
684 1987 702 2017 9
731 1994 839 2026 seque
868 1984 997 2027 Pez'per
1030 1994 1109 2018 sese
1136 1983 1172 2017 P
1202 1986 1239 2018 et
1265 1995 1303 2018 se
1334 1984 1496 2029 Iyoletus
1525 1984 1528 2029 Ι

181 2029 439 2064 accommodet
465 2030 501 2063 P

277 2088 308 2122 X
344 2092 361 2121 1
389 2100 521 2123 aprcffl
549 2101 584 2124 ε(
612 2102 671 2123 Tu.
698 2090 880 2134 [ναχαιων
907 2090 990 2135 om]
1018 2090 1052 2123 P
1124 2094 1144 2124 4
1171 2091 1307 2125 uexata
1333 2089 1429 2126 tride
1452 2090 1488 2124 P

182 2139 202 2169 5
229 2135 338 2169 ulixis
366 2136 402 2170 P
471 2140 490 2171 9
517 2137 681 2171 aduentu
710 2137 755 2179 P,
782 2148 872 2171 corr.
898 2138 1117 2179 Mommsen,
1145 2138 1189 2171 de
1217 2138 1380 2172 aduentu
1401 2139 1529 2172 Auma-

182 2183 254 2217 ἰήιε
277 2184 281 2227 l
303 2183 375 2218 resi
398 2183 434 2217 P
455 2186 457 2225 Ι
480 2184 650 2219 trachum
674 2184 709 2217 P
730 2186 733 2227 Ι
757 2184 876 2228 ipsum
901 2183 988 2218 XII.
1012 2185 1048 2217 P
1071 2195 1153 2218 cum
1181 2185 1265 2219 add.
1280 2185 1530 2220 Accursz'amts

182 2231 282 2273 fiber,
310 2231 347 2264 et
372 2241 455 2265 cum
482 2242 525 2265 eo
553 2232 635 2266 (zclcl.
660 2231 829 2276 Vyoletns
903 2235 945 2265 10
973 2231 1059 2277 que]
1087 2232 1108 2276 s]
1133 2232 1168 2266 P
1199 2232 1312 2266 etiam
1332 2232 1528 2267 Accursz‘a—

187 2288 253 2311 mes
354 2281 394 2311 12
423 2279 463 2312 ut
490 2280 527 2313 et
561 2279 727 2323 Vfloletus
761 2280 765 2322 Ι
801 2278 937 2324 uentis]
967 2278 1070 2313 uenit
1097 2280 1133 2313 P
