1563 2511
59 207 94 247 is
128 205 247 258 ordo,
280 204 331 246 ad
365 219 489 259 quem
514 203 752 245 Vossianus
786 205 985 260 pertinet,
1016 205 1229 246 iacturam
1261 205 1398 245 multo

60 264 380 320 grauissimam,
421 277 527 318 quae
570 278 697 317 quam
742 262 941 304 habuerit
983 279 1156 305 causam
1199 277 1400 318 quaerere

58 324 145 364 iam
184 323 392 377 cogimur3
434 321 700 362 desideratur
738 321 852 362 enim
891 322 936 362 in
972 322 1186 364 Vossiano
1219 322 1401 363 Mosella

58 396 152 423 cum
202 380 447 435 Symmachi
497 380 693 434 epistula.
767 380 976 422 falluntur
1026 383 1169 422 autem
1217 382 1289 435 qui
1333 382 1399 422 uel

56 439 281 482 Mosellam
313 439 381 480 uel
415 439 647 480 Theodosii
678 439 908 493 epistulam
947 439 990 480 in
1028 439 1246 493 prioribus
1280 443 1398 493 quat-

57 502 157 540 tuor
187 498 389 540 Vossiani
422 498 520 538 libri
553 498 903 552 quaternionibus
937 496 1055 552 (nam
1089 513 1113 539 a
1145 499 1294 552 quinto
1328 499 1400 539 ille

56 557 166 599 liber
202 571 314 598 nunc
354 557 572 598 exordium
611 554 743 612 capit)
783 556 914 598 fuisse
952 559 1118 610 putant.
1181 559 1297 598 cuius
1337 558 1401 598 in—

57 616 234 670 scriptio
272 615 466 670 „Abhinc
503 615 683 656 Ausonii
730 615 960 669 opuscula“
1003 615 1047 656 id
1090 616 1232 669 ipsum
1272 616 1400 670 signi-

56 675 157 716 ficat
207 675 315 716 alius
365 673 586 715 cuiusdam
644 674 833 715 auctoris
889 675 1174 728 praecessisse
1229 674 1399 716 librum.

54 734 185 775 immo
218 733 481 786 descriptum
513 733 760 787 putabimus
795 732 1055 774 Vossianum
1089 747 1138 774 ex
1171 734 1399 785 uolumine,

58 792 169 846 quod
200 806 286 833 non
317 792 401 832 iam
435 791 585 832 habuit
616 791 850 833 Mosellam.

143 850 225 892 Hic
251 850 487 892 offeruntur
518 850 600 891 duo
634 864 742 904 quae
768 850 955 891 nondum
983 850 1207 905 attigimus
1243 850 1398 904 prioris

56 908 219 950 ordinis
234 923 403 964 genera,
422 923 604 963 quorum
619 923 725 962 quae
742 909 797 949 sit
811 909 943 963 origo,
964 923 1071 962 quae
1086 909 1196 950 ratio
1213 909 1399 949 dubitari

54 971 209 1022 potest.
232 968 414 1009 alterum
427 968 538 1008 enim
553 966 925 1021 Excerptorum
940 982 997 1008 ex
1011 967 1229 1009 Ausonii
1251 982 1397 1021 opus-

56 1027 187 1068 culis
212 1026 387 1067 titulum
414 1026 526 1080 quod
552 1025 694 1079 habet,
722 1026 915 1079 alterum,
942 1027 1058 1067 cuius
1079 1028 1266 1080 optimus
1287 1041 1398 1068 nunc

54 1086 178 1126 testis
206 1088 271 1126 cst
296 1084 563 1137 Parisinus
589 1084 743 1137 liber,
779 1085 878 1138 quia
907 1099 1009 1125 sane
1039 1085 1083 1125 in
1109 1099 1158 1126 eo
1185 1085 1322 1126 multa
1349 1100 1397 1126 ex

55 1144 229 1198 optimis
257 1143 439 1184 Ausonii
465 1143 682 1196 opusculis
707 1143 867 1193 insunt,
894 1144 1181 1185 conlectiones
1211 1158 1302 1184 esse
1328 1143 1397 1184 uia

56 1217 103 1244 ac
129 1202 294 1243 ratione
322 1201 569 1255 conpositae
594 1216 681 1243 non
706 1202 869 1242 nemini
895 1202 1030 1243 uideri
1059 1202 1228 1256 possint
1260 1203 1397 1256 primo

55 1262 220 1302 obtutu.
264 1274 413 1301 uerum
434 1261 650 1301 enimuero
667 1260 846 1302 Mosella
867 1262 967 1315 quia
993 1261 1124 1315 deest,
1151 1275 1258 1314 quae
1281 1261 1399 1302 Pari-

55 1320 173 1360 sinus
200 1319 390 1361 continet
421 1319 483 1360 ita
513 1319 654 1374 possis
682 1320 989 1361 conlectionem
1023 1320 1241 1374 discipulis
1274 1320 1396 1361 desti-

55 1382 204 1420 natam
244 1378 398 1430 (licer‚e
436 1380 484 1418 ut
522 1392 572 1419 ex
611 1378 826 1432 opusculis
865 1393 951 1419 non
988 1379 1074 1419 iam
1113 1379 1292 1433 integris
1332 1378 1397 1433 (ut

55 1440 156 1479 sunt
180 1438 224 1478 in
250 1435 484 1502 Vossiano)
517 1437 652 1478 electa
685 1437 817 1488 dicas,
851 1451 1108 1491 quamquam
1138 1439 1180 1478 et
1213 1437 1297 1478 alia
1329 1437 1398 1478 de-

55 1499 164 1549 sunt,
197 1510 304 1550 quae
332 1510 426 1536 eum
453 1495 498 1535 in
523 1510 647 1536 usum
676 1510 801 1550 aegre
828 1495 1060 1537 desidertes
1092 1496 1277 1537 Mosella
1303 1511 1397 1537 cum

55 1555 281 1596 coniuncta
313 1554 553 1595 inueniatur
585 1554 627 1595 in
660 1553 697 1595 S.
727 1555 918 1596 Gallensi
951 1558 992 1596 et
1020 1554 1288 1596 Bruxellensi
1320 1553 1398 1610 (al-

54 1614 187 1654 terius
232 1613 400 1668 generis
444 1613 617 1667 optimis
661 1611 864 1668 testibus)
908 1629 1004 1655 cum
1055 1614 1216 1669 eclogis
1260 1614 1397 1655 multo

54 1672 341 1726 inferioribus,
371 1672 503 1714 immo
535 1672 672 1713 infimi
704 1672 884 1727 generis,
915 1687 1041 1727 quem
1068 1673 1267 1727 selegisse
1292 1673 1397 1714 haec

55 1731 323 1772 mediocriter
361 1745 511 1771 sanum
552 1734 595 1772 et
636 1731 678 1771 in
717 1746 848 1772 unum
888 1731 1160 1773 coniunxisse
1201 1734 1291 1772 tam
1336 1731 1397 1772 di—

55 1804 180 1831 uersa
211 1790 292 1830 tibi
326 1789 612 1843 persuadeas?
676 1803 754 1844 ego
794 1805 843 1830 ex
881 1790 1163 1832 laceratorum
1202 1790 1397 1831 codicum

54 1848 263 1902 relliquiis
295 1851 443 1889 natam
477 1862 627 1889 censeo
655 1851 697 1889 et
723 1848 833 1890 hanc
859 1853 901 1890 et
932 1849 1050 1890 illam
1077 1849 1397 1903 conlectionem,

55 1907 185 1948 immo
213 1905 345 1962 (quod
371 1907 554 1961 probare
587 1907 729 1948 studui
754 1906 923 1949 Ueberl.
950 1923 988 1962 p.
1016 1907 1121 1963 313)
1154 1908 1278 1949 unius
1305 1922 1396 1949 esse

55 1968 280 2020 utramque
320 1965 484 2020 antiqui
522 1965 676 2008 codicis
715 1968 901 2016 λείψανα
945 1981 1040 2008 cum
1079 1967 1294 2008 Vossiana
1334 1966 1396 2007 fa-

57 2025 176 2065 milia
208 2025 382 2079 cognati
414 2024 601 2079 quidem,
640 2025 713 2066 sed
753 2025 805 2066 ad
843 2025 1119 2080 archetypum
1154 2026 1227 2080 qui
1259 2026 1395 2067 multo

55 2083 230 2137 propius
275 2083 492 2125 accederet
534 2087 727 2138 tempore
772 2087 1044 2140 seruaretque
1083 2084 1154 2139 qui
1191 2088 1292 2139 post
1325 2085 1394 2125 ab·

55 2145 202 2195 reptus
253 2145 317 2183 est
360 2141 597 2184 Mosellam.
664 2143 764 2184 hinc
809 2143 1107 2197 explicandum
1151 2144 1233 2184 erit
1283 2142 1394 2197 quod

56 2200 288 2242 Theodosii
325 2201 556 2255 epistulam
588 2201 719 2243 habet
751 2201 991 2256 Parisinus,
1029 2216 1136 2257 quae
1176 2201 1394 2243 intercidit

55 2259 100 2299 in
137 2258 368 2313 Vossiano,
410 2259 510 2301 hinc
554 2261 666 2314 quod
704 2260 919 2315 Excerpta
965 2261 1098 2315 epigr.
1136 2261 1192 2302 25
1225 2259 1291 2315 (9)
1333 2260 1394 2300 in-

55 2320 223 2373 tegrum
255 2318 447 2373 tradunt,
479 2322 527 2360 ut
557 2333 643 2361 non
676 2319 813 2361 dicam
845 2320 988 2374 ipsum
1020 2320 1243 2361 Mosellam
1276 2317 1395 2373 Sym-
