1563 2511
622 103 935 145 —229—

100 206 249 260 Paule,
281 205 564 248 Camenarum
597 207 872 249 celeberrime
905 209 1190 251 Castaliarum

160 265 343 306 Alumne
377 265 607 319 quondam,
640 279 752 307 nunc
784 269 923 320 pater,

100 323 190 365 Aut
221 338 344 377 auuS‚
376 326 451 365 aut
480 323 653 377 proauis
687 324 922 379 antiquior,
953 327 1000 366 ut
1031 324 1114 366 fuit
1147 326 1247 368 olim
1425 338 1444 368 5

159 382 453 424 Tartesiorum
484 382 675 438 regulus:

100 440 364 482 Intemerata
395 441 477 482 tibi
508 443 713 482 maneant
744 441 977 495 promissa⁷
1008 444 1235 483 memento.

159 499 358 541 Phoebus
391 499 512 540 iubet
543 514 693 541 uerum
725 499 856 554 loqui.

99 557 197 599 Etsi
228 558 390 599 Pierias
423 559 587 612 patitur
618 558 747 599 lirare
780 572 965 612 sorores,

159 615 407 671 Numquam
439 617 529 670 ipse
562 619 736 671 torquet
767 614 951 658 αὔλακα.
1404 628 1444 658 10

102 674 163 716 Τ9
197 689 367 729 quoque
398 689 452 716 ne
483 675 631 730 pigeat
663 675 893 730 consponsi
925 675 1126 717 foederis:
1160 678 1202 717 et
1233 675 1318 717 iam

162 733 282 776 Citus
318 734 418 775 ueni
450 748 568 776 remo
603 737 678 775 aut
709 736 821 785 rota,

102 792 314 846 Aequoris
350 792 506 833 undosi
539 807 622 846 qua
654 792 942 846 multiplicata
973 807 1144 834 recursu
1183 801 1185 804 “

162 850 380 892 Garumna
411 854 593 906 pontum
625 854 852 905 prouocat,

104 909 192 951 Aut
223 910 474 951 iteratarum
507 925 592 964 qua
623 910 769 964 glarea
800 910 905 951 trita
933 910 1099 951 uiarum
1406 919 1447 950 15

161 967 262 1008 Fert
294 969 525 1010 militarem
557 968 610 1010 ad
640 967 852 1009 Blauiam.

103 1025 196 1068 Nos
231 1027 388 1068 etenim
419 1027 572 1081 primis
606 1029 801 1068 sanctum
832 1029 933 1080 post
963 1027 1123 1081 pascha
1155 1026 1303 1068 diebus

161 1086 353 1127 Auemus
387 1099 537 1140 agrum
568 1086 719 1127 uisere.

101 1142 214 1185 Nam
247 1144 395 1198 populi
427 1147 573 1185 coetus
607 1146 649 1184 et
681 1144 869 1197 compita
901 1143 1074 1186 sordida
1104 1143 1206 1184 rixis

161 1201 447 1244 Fastidientes
481 1203 692 1244 cernimus
1403 1212 1448 1243 20

103 1260 326 1315 Augustas
359 1260 524 1302 feruere
556 1261 649 1301 uias
683 1262 725 1301 et
757 1274 970 1315 congrege
1002 1261 1131 1315 uolgo

161 1319 331 1361 Nomen
364 1320 531 1373 plateas
563 1319 752 1373 perdere.

104 1377 295 1420 Turbida
327 1378 542 1433 congestis
574 1377 775 1419 referitur
805 1378 982 1419 uocibus
1015 1377 1136 1419 echo:

160 1436 320 1491 „Tene‚
351 1437 448 1489 feri,
481 1437 578 1490 duc,
609 1437 682 1490 da,
714 1436 862 1478 caue1“

105 1494 184 1537 Sus
216 1496 430 1537 lutulenta
463 1495 592 1550 fugit,
624 1495 798 1536 rabidus
831 1496 949 1536 canis
981 1494 1139 1549 impete
1174 1508 1301 1536 saeuo
1405 1504 1449 1535 25

161 1554 220 1595 Et
251 1555 439 1609 impares
471 1555 666 1608 plaustro
700 1554 844 1595 boues.

103 1612 194 1654 Nec
227 1614 402 1667 prodest
433 1613 654 1667 penetrale
687 1612 838 1654 domus
872 1614 914 1653 et
946 1614 1095 1666 operta
1128 1611 1289 1653 subire:

163 1671 244 1713 Per
276 1674 392 1713 tecta
424 1672 634 1713 clamores
667 1673 824 1713 meant.

201 1813 221 1844 5
250 1809 376 1845 Cicero
403 1810 448 1844 de
475 1821 547 1845 sen.
576 1814 632 1854 69,
659 1809 752 1844 Plin.
774 1822 807 1845 n.
828 1809 863 1844 h.
884 1809 954 1844 VII
976 1813 1042 1844 154
1069 1809 1164 1853 (Val.
1186 1808 1282 1843 Max.
1303 1807 1387 1843 VIII
1408 1811 1450 1841 13

105 1859 177 1892 ext.
204 1861 225 1891 4
252 1856 362 1892 Silius
387 1857 469 1892 Ital.
496 1857 547 1891 ΙΙΙ
574 1858 660 1902 397)

199 2001 218 2031 3
247 2008 508 2033 camoenarum
538 1998 570 2032 T
579 1997 612 2033 G
708 2002 728 2032 5
754 1997 903 2042 proauis
930 1997 1132 2040 Amantius,
1158 2007 1317 2041 proauus
1345 1996 1380 2029 Z

105 2048 125 2079 6
151 2044 302 2089 regulo?u
328 2044 361 2078 T
454 2049 474 2080 9
506 2045 616 2080 litare
646 2045 678 2079 T
774 2049 815 2080 10
840 2055 1029 2087 nunquam
1059 2044 1091 2078 Τ
1101 2044 1134 2079 G
1156 2046 1160 2087 l
1183 2042 1304 2077 aulica
1331 2042 1366 2076 Z
1389 2053 1449 2077 au—

104 2091 186 2126 laea
210 2091 384 2137 Luydun.
477 2096 518 2126 11
547 2092 659 2137 pigea
682 2092 714 2126 Τ
733 2094 737 2134 l
761 2092 954 2136 eonspensi
979 2102 1045 2136 per
1070 2092 1140 2125 hoc
1168 2089 1286 2125 ederis
1313 2090 1350 2124 et
1375 2089 1450 2123 iam

105 2138 149 2173 M
251 2142 293 2173 12
331 2150 432 2174 rome
469 2139 517 2174 M
616 2142 659 2173 14
697 2150 858 2174 Garunna
885 2138 932 2173 M
964 2149 1106 2183 garuna
1135 2138 1168 2173 G
1206 2139 1211 2180 Ι
1251 2138 1380 2181 potum
1407 2134 1453 2168 M

104 2187 256 2229 pontem
285 2186 318 2221 G
417 2190 457 2221 17
493 2187 679 2221 sanetum:
719 2198 743 2220 u
768 2187 903 2221 incerto
931 2186 964 2219 Z
996 2188 1001 2228 1
1035 2195 1148 2229 pasca
1177 2184 1210 2217 Z
1306 2187 1347 2216 19
1376 2192 1450 2215 sor-

105 2232 208 2277 dida]
229 2233 378 2268 turbida
392 2233 570 2268 Heinsius
642 2236 688 2267 20
702 2232 936 2267 fastidienter
952 2232 1061 2267 Sebis.
1086 2234 1090 2276 Ι
1113 2230 1317 2276 spernimus
1333 2228 1447 2262 Hein-

104 2280 180 2313 sius
252 2283 293 2313 21
322 2280 444 2314 feruor
468 2280 522 2319 ΤΙ
546 2291 629 2314 cnm
655 2291 766 2324 grege
791 2280 861 2314 ΤΟ
888 2280 945 2315 (in
970 2290 1083 2323 mara.
1111 2289 1201 2313 crux
1225 2277 1269 2320 T)
1291 2277 1295 2321 Ι
1318 2274 1447 2320 uolgo]

107 2325 193 2361 ΜΘ
290 2330 333 2361 23
361 2327 473 2361 eccho
503 2327 535 2360 T
629 2330 671 2361 25
699 2337 832 2361 scaeuo
862 2327 894 2361 T
