1563 2511
691 545 831 588 XVII.

21 675 173 706 [350—360
192 674 292 707 Edyn.
304 675 377 705 χιιι]
456 653 581 700 CEN
586 653 662 699 TO
702 653 748 699 N
752 652 1057 700 VPTIALIS.

19 804 95 837 [360]
514 788 758 824 AVSONIVS
786 788 945 824 PAVLO
974 790 1008 824 S.

178 875 356 929 Perlege
387 874 470 916 hoc
496 874 644 928 etiam,
677 874 712 914 si
740 887 894 928 operae
921 876 1005 927 est,
1035 873 1236 915 friuolum
1268 877 1311 916 et
1341 875 1436 916 nul-

89 935 171 975 lius
216 933 344 988 pretii
388 933 658 987 opusculum,
701 932 813 988 quod
856 947 934 974 nec
978 932 1102 975 labor
1147 933 1316 974 excudit
1357 948 1437 976 nec

89 1008 192 1035 cura
231 992 420 1046 limauit‚
459 992 549 1033 sine
586 991 749 1047 ingenii
788 991 981 1033 acumine
1014 993 1056 1032 et
1086 1006 1231 1033 morae
1263 992 1438 1034 maturi-

89 1055 190 1093 tate.
255 1054 478 1092 centonem
511 1053 684 1104 uocant,
724 1051 796 1104 qui
833 1050 961 1104 primi
998 1050 1078 1092 hac
1110 1051 1437 1093 concinnatione
1502 1090 1504 1092 ,

89 1111 300 1152 luserunt.
363 1110 479 1151 solae
518 1110 749 1150 memoriae
787 1109 1009 1164 negotium
1050 1124 1202 1163 sparsa
1234 1110 1436 1164 colligere
1463 1122 1483 1152 5

90 1172 133 1210 et
163 1169 381 1223 integrare
419 1168 627 1210 lacerata:
668 1168 780 1222 quod
818 1168 955 1209 ridere
987 1167 1148 1223 magis,
1190 1183 1317 1223 quam
1349 1170 1438 1210 lau-

90 1228 192 1270 dare
235 1228 389 1281 possis.
451 1242 528 1281 pro
575 1241 676 1281 quo,
722 1227 758 1268 si
794 1241 870 1281 per
908 1227 1120 1280 sigillaria
1158 1227 1202 1268 in
1241 1228 1438 1269 auctione

89 1287 274 1339 ueniret,
312 1300 447 1340 neque
479 1285 682 1327 Afranius
714 1300 898 1327 naucum
932 1286 1068 1339 daret,
1110 1300 1245 1340 neque
1278 1287 1438 1329 ciccum

91 1360 214 1387 suum
240 1345 421 1386 Plautus
448 1345 631 1386 offerret.
681 1345 802 1400 piget
828 1345 941 1385 enim
961 1343 1203 1399 Vergiliani
1236 1346 1438 1386 carminis

90 1404 349 1458 dignitatem
399 1405 491 1444 tam
538 1404 717 1445 ioculari
761 1403 1067 1444 dehonestasse
1111 1404 1302 1445 materia.
1365 1404 1438 1446 sed
1466 1415 1508 1446 10

90 1463 192 1518 quid
216 1462 433 1504 facerem?
465 1463 629 1504 iussum
649 1465 759 1503 erat:
786 1462 982 1516 quodque
1003 1464 1069 1503 est
1087 1463 1438 1516 potentissimum

89 1522 328 1576 imperandi
355 1534 511 1576 genus,
543 1522 745 1576 rogabat,
771 1521 845 1575 qui
871 1521 1017 1562 iubere
1043 1524 1231 1576 poterat,
1264 1524 1438 1563 sanctus

89 1581 327 1635 imperator
370 1579 723 1634 Valentinianus,
773 1580 838 1621 uir
887 1594 983 1621 meo
1033 1580 1189 1621 iudicio
1234 1581 1439 1622 eruditus.

88 1640 264 1694 nuptias
310 1639 524 1693 quondam
569 1639 777 1680 eiusmodi
827 1639 927 1680 ludo
974 1637 1275 1694 descripserat,
1325 1640 1438 1694 aptis

91 1699 287 1753 equidem
332 1698 528 1740 uersibus
574 1701 617 1740 et
660 1698 974 1752 compositione
1016 1696 1188 1739 festiua.
1253 1698 1438 1753 experiri
1467 1709 1508 1740 15

92 1757 244 1798 deinde
276 1757 444 1808 uolens,
487 1759 695 1811 quantum
727 1759 874 1798 nostra
906 1758 1181 1798 contentione
1213 1757 1439 1811 praecelle-

185 1876 206 1907 8
232 1872 407 1907 Afranius
433 1872 475 1906 fr.
503 1872 574 1908 inc.
602 1876 647 1907 24
668 1872 765 1917 (431)
785 1871 827 1907 R.
873 1871 1026 1907 Plautus
1052 1872 1146 1907 Rud.
1167 1871 1200 1907 ll
1223 1876 1253 1916 7,
1274 1876 1318 1907 22
1340 1874 1437 1917 (580)

90 1919 231 1954 ciccum
256 1930 330 1954 non
355 1919 567 1954 interduim.

19 2038 56 2069 Ζ
182 2023 320 2069 Incipit
345 2024 459 2059 Cento
490 2024 669 2069 nuptialis
696 2025 730 2058 Z
767 2025 772 2069 Ι
814 2027 879 2060 sat.
912 2025 966 2059 Ta„
1004 2025 1161 2059 salutem
1188 2025 1221 2060 G
1318 2028 1337 2059 7
1364 2036 1430 2069 per

89 2082 154 2108 om.
181 2072 213 2105 Τ
284 2074 304 2105 8
331 2071 476 2106 uenerit
501 2072 534 2106 G
556 2073 560 2114 1
589 2071 778 2106 afrannius
805 2072 837 2106 G
860 2072 865 2116 Ι
893 2072 1001 2107 nauci
1028 2073 1063 2106 Z
1085 2083 1175 2107 corr.
1197 2072 1400 2107 Salmasius
1430 2072 1436 2119 Ι

89 2119 218 2201 ἓξὲξ
238 2118 572 2238 lxliiirgliiziniffiglm
591 2121 630 2199 121
652 2118 727 2200 <2131
731 2118 991 2202 tgmGagacnffi
1020 2119 1186 2212 ganctug]
1194 2118 1321 2201 {ing}
1336 2119 1443 2202 e'guiT

139 2240 181 2271 13
208 2220 391 2281 imperato
418 2235 450 2269 T
541 2240 584 2270 14
610 2235 777 2282 nuptias]
805 2237 867 2281 qui
893 2236 1044 2282 nuptias
1066 2237 1099 2272 G
1186 2240 1227 2271 15
1249 2235 1436 2281 equidem]

90 2283 204 2320 etiam
229 2287 249 2318 λ
278 2284 282 2329 {
310 2281 448 2318 festina
473 2283 505 2317 G
