1563 2511
656 55 944 96 —42—
1541 0 1563 169 ἢ

124 158 338 200 Inuiolata
370 161 494 200 tuens
528 161 669 201 castae
701 161 930 215 praeconia
961 161 1075 202 uitae
1449 173 1471 204 5
1542 165 1563 216 >24

183 217 311 258 Rexit
342 232 445 272 opes
477 219 672 272 proprias
706 219 796 261 otia
828 222 982 274 agente
1014 220 1128 262 uiro:
1557 224 1559 238 ¹

123 276 222 318 Non
254 276 350 318 ideo
384 277 645 331 exprobrans
678 281 752 319 aut
783 279 924 320 fronte
957 279 1144 320 obducta
1175 280 1353 334 marito,

183 334 305 384 Quod
337 338 505 390 gereret
536 339 674 378 totam
706 337 865 378 femina
898 338 990 380 sola
1023 338 1207 379 domum.

122 394 218 436 Heu
249 394 431 436 nimium
462 395 627 437 iuuenis
637 429 648 450 7
680 396 752 437 sed
784 396 899 437 laeta
932 397 1163 450 superstite
1194 400 1295 439 nato

181 454 324 507 Atque
357 454 470 508 uiro,
500 455 670 508 patiens
702 454 793 496 fata
827 469 1027 509 suprema
1060 455 1187 497 obiit:
1428 467 1471 499 10

122 511 348 554 Vnanimis
380 516 556 555 nostrae
589 516 632 554 et
663 512 877 567 quondam
910 528 1115 570 germana
1148 513 1329 556 Sabinae

181 571 240 612 Et
272 572 379 614 mihi
410 572 620 614 inoffenso
653 573 825 614 nomine
859 573 971 614 dicta
1003 587 1133 615 soror.

123 629 247 672 Nune
280 631 411 672 etiam
444 645 590 672 manes
623 631 813 686 placidos
847 632 916 685 pia
949 646 1048 673 eura
1080 634 1287 674 retractat

180 689 324 744 Atque
356 689 647 732 Pudentillam
680 690 814 731 fantis
847 690 1008 733 honore
1041 691 1154 733 colit.

297 841 375 876 XX.
414 839 639 875 LVCANVS
667 840 885 876 TALISIVS
914 841 1083 876 EORVM
1109 841 1278 876 FILIVS.

119 924 208 966 Nee
242 925 327 966 iam
361 927 426 977 tn,
460 925 608 966 matris
642 940 738 980 spes
773 926 916 979 unica,
948 925 1110 980 ephebe
1143 924 1296 980 Talisi,

179 983 446 1026 Consobriue
480 999 598 1026 meus
610 1018 619 1038 ‚
650 985 958 1026 inmemoratus
993 984 1093 1038 eris,

118 1043 305 1097 Ereptus
338 1043 488 1097 primis
521 1043 616 1085 aeui
648 1044 841 1086 florentis
873 1045 917 1085 in
951 1044 1091 1098 annis,

179 1101 272 1143 Iam
304 1104 449 1143 tamen
482 1106 523 1143 et
555 1103 760 1158 coniunx,
791 1104 877 1144 iam
909 1105 1134 1158 properate
1166 1104 1301 1157 pater.

121 1161 366 1203 Festinasse
398 1163 523 1214 putes
556 1161 711 1215 fatum,
743 1177 795 1203 ne
829 1162 954 1204 funus
989 1163 1191 1204 acerbum
1447 1173 1467 1204 5

178 1220 350 1262 Diceret
381 1219 462 1262 hoe
494 1221 666 1274 genitor
698 1224 788 1262 tam
823 1222 905 1263 cito
937 1222 1075 1263 faetus
1109 1236 1227 1263 auus.

230 1370 327 1406 XXI.
361 1370 567 1406 ATTVSIA
594 1371 789 1406 LVCANA
815 1371 1005 1406 TALISIA
1033 1372 1092 1406 ET
1119 1371 1355 1408 MINVCIVS

556 1418 778 1453 REGVLVS
805 1419 1026 1454 ADFINES.

118 1501 288 1544 Notitia
320 1503 442 1544 exilis
474 1503 618 1556 nobis,
650 1504 843 1558 Attusia,
875 1506 1034 1557 tecum,

179 1560 370 1616 Cumque
402 1564 477 1603 tuo
509 1563 638 1616 plane
671 1563 851 1617 coniuge
883 1563 1004 1604 nulla
1037 1563 1128 1604 fuit.

119 1619 280 1661 Verum
313 1624 360 1661 tu
392 1623 567 1662 nostrae
601 1636 722 1663 soror
755 1637 798 1663 es
832 1636 1035 1676 germana
1069 1620 1271 1676 Sabinae,

176 1679 345 1738 Adfinis
379 1694 548 1734 quoque
581 1683 645 1735 tu,
677 1681 859 1735 Regule,
891 1695 1048 1723 nomen
1078 1681 1224 1722 habes.

211 1811 231 1841 6
259 1808 345 1842 obes
380 1808 425 1843 Vl
512 1812 532 1843 8
559 1811 711 1853 generet
744 1809 778 1843 V
800 1820 891 1845 corr.
920 1810 1090 1853 Luqdun.
1175 1814 1194 1843 9
1221 1809 1364 1843 iubenis
1398 1809 1433 1844 V
1460 1809 1462 1852 f

116 1855 344 1899 superstitite
378 1855 413 1889 V
493 1860 535 1889 10
562 1856 682 1899 adque
715 1856 750 1891 V
827 1860 869 1890 11
897 1857 1052 1891 condam
1086 1856 1120 1891 V
1199 1861 1240 1890 1-2
1267 1856 1355 1890 mici
1388 1856 1422 1890 V

118 1906 160 1936 13
186 1903 364 1936 retractet
395 1903 429 1937 V
452 1914 540 1938 corr.
569 1903 740 1949 Luyslwn.
844 1907 885 1937 14
912 1904 1033 1948 adque
1066 1904 1123 1947 Vl
1147 1914 1258 1938 onore
1292 1903 1326 1938 V

209 1971 276 2005 XX
307 1983 431 2007 eorum
457 1973 554 2007 filius
580 1973 751 2008 Bramles
801 1964 891 2009 crini
918 1986 1003 2008 1-*11211
1037 1973 1072 2008 V
1167 1978 1183 2007 1
1213 1973 1285 2007 iam
1312 1975 1352 2008 tu
1378 1974 1467 2009 Bolt

114 2021 199 2065 teitu
231 2031 288 2076 Vl
320 2032 486 2076 ephoebo
513 2032 612 2066 talis·
647 2032 682 2066 V
704 2044 794 2067 corr.
823 2033 994 2079 Luydun.
1088 2037 1108 2066 2
1135 2043 1238 2067 meus
1269 2032 1349 2067 Toll
1374 2032 1465 2067 meis

122 2089 157 2125 V
251 2094 270 2124 3
296 2090 436 2134 primus
470 2091 505 2125 V
528 2102 616 2126 corr.
645 2091 818 2132 Lamum.
918 2095 938 2126 5
965 2092 1136 2126 acerbus:
1168 2103 1210 2126 us
1237 2102 1280 2125 επ
1306 2081 1329 2125 ii
1363 2091 1398 2126 V

116 2142 136 2172 6
164 2137 315 2172 duceret
340 2138 512 2182 Luydzm.
537 2140 541 2183 1
565 2139 666 2173 factu
696 2138 731 2172 V
753 2150 841 2173 corr.
864 2139 1037 2184 Luydun.

210 2195 295 2229 XXI
321 2198 429 2231 inser.
458 2198 525 2232 litt.
553 2198 706 2231 minatis
739 2198 795 2241 V!
830 2198 983 2232 thalisia
1009 2195 1234 2232 erminuseius
1266 2198 1301 2233 V
1335 2199 1371 2233 et
1396 2196 1466 2232 Mi-

114 2242 246 2277 nucius
272 2243 450 2278 Heinsius
473 2247 476 2287 ἶ
505 2244 635 2278 adfinis
670 2245 703 2278 V
725 2256 815 2280 corr.
843 2245 972 2290 Peiper
1069 2249 1088 2279 2
1121 2257 1209 2288 qum
1242 2245 1277 2281 V
1369 2249 1390 2279 4
1424 2245 1463 2278 tu

120 2301 186 2325 om.
220 2290 255 2326 V
277 2292 360 2327 add.
387 2291 557 2336 Luyclmz,
588 2292 591 2336 J
621 2293 764 2336 regule:
792 2305 809 2326 1·
834 2303 878 2327 ea:
904 2297 943 2327 s?
977 2292 1034 2336 V}
1066 2292 1153 2327 abes
1186 2292 1221 2327 V
