1563 2511
688 55 1009 96 -110—

104 205 180 235 [325]
602 192 778 229 CVP1DO
807 192 1093 228 CRVCIATVR.

1548 244 1563 273 Εὖ]

174 277 300 318 Α61·13
332 277 377 317 in
408 277 590 331 campis,
621 280 831 319 memorat
863 291 970 331 quos
1003 291 1126 318 musa
1158 277 1366 332 Maronis,
1546 274 1563 341 j

172 335 369 389 Myrteus
402 339 593 377 amentes
625 337 699 377 ubi
732 336 849 378 lucus
883 338 1038 389 opacat
1070 338 1283 388 amantes,
1543 348 1558 375 t·

175 393 309 449 Orgia
340 394 552 436 ducebant
582 394 777 436 heroides
811 396 854 435 61
885 409 962 435 3113
994 408 1204 452 quaeque,
1541 427 1555 451 :¹

173 452 233 494 Vt
265 453 482 507 quondam
514 454 774 506 occiderant,
805 452 881 493 leti
914 457 1169 507 argumenta
1201 453 1428 508 gerebant,
1541 458 1556 510 ξ·

171 511 380 553 Errantes
413 512 523 553 silua
553 512 599 553 in
630 525 787 566 magna
821 514 863 552 et
896 512 975 552 sub
1007 512 1100 553 luce
1131 512 1325 566 maligna
1499 522 1546 554 5'

171 570 290 612 Inter
318 570 692 624 harundineasque
724 584 869 612 comas
902 571 1212 625 grauidumque
1244 585 1434 625 papauer

171 629 230 671 Et
260 630 417 672 tacitos
452 630 543 670 sine
574 629 671 670 labe
703 629 841 682 lacus,
873 629 963 670 sine
997 644 1212 671 murmure
1245 629 1380 672 riuos:

172 687 362 737 Quorum
394 702 471 742 per
501 688 618 743 ripas
651 688 859 729 nebuloso
893 687 1053 729 lumine
1087 691 1278 730 marcent

171 746 204 788 F
207 747 301 798 leti,
335 747 437 788 olim
468 760 618 801 regum
650 749 693 788 et
723 761 954 800 puerorum
986 747 1182 801 nomina,
1215 747 1342 789 flores

171 805 357 846 Mirator
388 804 618 846 Narcissus
651 807 694 846 et
726 804 955 846 Oebalides
987 805 1259 860 Hyacinthus
1478 817 1522 848 10

172 864 230 905 Et
262 863 423 906 Crocus
456 864 727 905 auricomans
761 867 804 905 61
836 864 995 905 murice
1027 864 1169 918 pictus
1201 864 1366 906 Adonis

172 923 229 965 Et
261 923 428 978 tragico
462 923 647 978 scriptus
680 923 845 978 gemitu
878 921 1136 964 Salaminius
1169 924 1301 977 Aeas3

172 982 327 1024 Omnia
359 996 468 1037 quae
500 982 689 1023 lacrimis
723 985 766 1022 et
798 981 1017 1023 amoribus
1049 982 1177 1023 anxia
1208 982 1386 1024 maestis

171 1041 386 1082 Exercent
418 1055 628 1082 memores
661 1041 782 1082 obita
813 1040 900 1081 iam
932 1042 1072 1082 morte
1105 1041 1289 1082 dolores:

172 1100 335 1141 Rursus
367 1099 413 1140 in
445 1100 651 1141 amissum
684 1102 889 1141 reuocant
921 1099 1120 1141 heroidas
1154 1113 1318 1141 aeuum.
1477 1111 1520 1143 15

171 1158 418 1200 Fulmineos
451 1157 616 1200 Semele
649 1158 826 1212 decepta
857 1172 1068 1212 puerpera
1098 1161 1248 1212 partus

171 1217 312 1258 Deflet
345 1219 388 1258 61
419 1218 640 1258 ambustas
673 1218 868 1259 lacerans
901 1231 978 1271 per
1009 1217 1156 1258 inania
1187 1231 1318 1259 cunas

172 1275 370 1318 Ventilat
400 1276 607 1330 ignauum
640 1276 830 1317 simulati
862 1276 1048 1330 fulguris
1080 1277 1238 1330 ignem.

171 1334 303 1376 Irrita
335 1335 448 1376 dona
481 1349 679 1389 querens,
712 1350 812 1376 sexu
845 1335 998 1388 gauisa
1029 1335 1164 1386 uirili,

172 1393 335 1435 Maeret
367 1395 411 1434 in
444 1394 666 1448 antiquam
698 1393 853 1436 Caenis
885 1397 1085 1434 reuocata
1118 1394 1314 1448 figuram.
1476 1405 1520 1436 20

171 1452 363 1494 Vulnera
396 1453 530 1494 siccat
562 1453 700 1494 adhuc
732 1452 900 1494 Procris
934 1451 1197 1507 Cephalique
1230 1455 1450 1494 cruentam

170 1511 328 1566 Diligit
361 1514 403 1552 et
434 1526 638 1565 percussa
669 1526 856 1553 manum.
906 1511 992 1552 fert
1022 1511 1187 1552 fumida
1218 1514 1356 1553 testae

170 1570 353 1612 Lumina
386 1569 578 1612 Sestiaca
613 1585 814 1625 praeceps
848 1571 897 1611 de
929 1574 1047 1611 turre
1080 1570 1234 1624 puella.

169 1629 229 1671 Et
261 1630 311 1670 (16
343 1629 541 1671 nimboso
575 1630 730 1671 saltum
762 1629 945 1671 Leucate
978 1629 1167 1670 minatur

267 1769 410 1813 Cupido
437 1769 621 1803 cruciatus
643 1771 661 1802 λ
692 1768 849 1803 Α11301111
875 1769 1032 1813 aegloga
1056 1768 1095 1802 in
1121 1779 1193 1813 qua
1219 1767 1354 1813 cupido
1381 1769 1520 1804 crucia-

170 1818 231 1850 tur
261 1816 331 1851 ΤΘ
432 1821 447 1850 1
478 1827 568 1860 quos
594 1824 623 1859 ψ
651 1826 723 1859 quo
751 1816 810 1860 ΖΙ
838 1815 1001 1860 platonis
1027 1815 1082 1850 Τλ
1158 1820 1177 1850 2
1205 1815 1358 1850 1111116113
1384 1818 1403 1850 λ
1434 1817 1519 1851 mir-

170 1886 278 1920 theus
309 1886 364 1930 ΤΙ
397 1871 565 1921 amintes
592 1887 626 1930 (e
652 1887 698 1922 αῖ.
720 1887 781 1931 ss.)
813 1887 868 1929 ΤΙ
893 1887 998 1930 optat
1025 1885 1082 1930 TI
1105 1887 1246 1921 amates
1276 1886 1321 1920 Τ1
1394 1890 1416 1920 4
1442 1886 1519 1922 laeti

173 1933 245 1968 TG
344 1937 363 1967 6
391 1933 612 1968 arundineas
641 1932 674 1968 G
773 1937 792 1968 9
819 1933 1008 1968 fletiodum
1039 1933 1071 1966 Τ
1170 1937 1210 1967 10
1242 1933 1408 1967 narcisus
1442 1936 1517 1978 (sus

170 1991 213 2014 em
239 1991 304 2014 ous
329 1982 401 2025 pr.)
426 1980 459 2013 Τ
482 1981 684 2015 narcissum
711 1983 728 2014 λ
752 1982 756 2024 Ι
779 1980 977 2025 iacynthus
1001 1979 1075 2014 TG
1095 1979 1259 2025 jacintus
1285 1983 1303 2014 λ
1385 1984 1427 2015 12
1455 1992 1518 2026 ge-

169 2027 269 2061 nitus
297 2026 494 2061 alaminius
524 2028 556 2061 Τ
580 2028 739 2072 gemitus
766 2027 922 2062 alamius
948 2030 966 2061 λ
1055 2032 1096 2062 13
1123 2026 1322 2071 lachrymis
1348 2030 1366 2061 λ
1390 2029 1394 2071 l
1417 2039 1516 2064 moe-

171 2073 238 2109 stis
268 2074 322 2108 Τλ
422 2078 464 2108 14
488 2079 569 2117 post
598 2078 640 2108 15
673 2076 881 2119 transponit
913 2074 1064 2109 »Schenkl
1163 2078 1205 2108 14
1231 2085 1376 2108 rursum
1403 2078 1421 2109 λ.

172 2126 213 2156 17
241 2121 379 2156 defelet
403 2121 457 2163 Τ1
490 2122 613 2156 lacera
635 2121 690 2155 Τλ
717 2121 836 2156 latera
857 2121 888 2155 G
915 2132 1005 2156 corr.
1021 2121 1183 2165 ,δὀαἶῖῃω·
1201 2124 1302 2163 2,18
1377 2125 1420 2156 18
1446 2121 1516 2156 fnl-

169 2170 270 2214 guris
298 2169 332 2202 Z
426 2172 470 2202 20
497 2170 638 2203 moeret
666 2167 699 2202 G
728 2169 732 2212 1
762 2168 884 2203 coenis
911 2170 929 2201 λ
962 2168 1082 2203 6611613
1110 2170 1142 2202 G
1239 2171 1282 2202 22
1309 2170 1427 2204 testae
1455 2169 1514 2203 Ga

168 2240 311 2274 uestem
336 2240 468 2273 testem
498 2239 653 2281 (uestem
673 2250 732 2283 pr.
755 2239 837 2282 del.)
869 2238 902 2272 Τ
993 2242 1036 2273 23
1065 2223 1225 2282 36311163
1248 2238 1281 2272 T
1305 2238 1469 2273 sextiaea
1494 2241 1513 2273 λ

217 2291 260 2321 24
286 2286 473 2322 nimboso:
501 2298 516 2320 s
542 2297 585 2321 ea·
611 2297 631 2320 o
658 2287 715 2320 uel
742 2298 757 2320 s
788 2286 820 2319 Τ
852 2286 1030 2330 nymboso
1061 2285 1123 2320 Gi
1152 2287 1156 2328 Ι
1191 2285 1360 2320 1611611316
1391 2285 1424 2320 Τ
