<?xml version="1.0" encoding="UTF-8"?>
<!DOCTYPE html PUBLIC "-//W3C//DTD XHTML 1.0 Transitional//EN"
    "http://www.w3.org/TR/xhtml1/DTD/xhtml1-transitional.dtd">
<html xmlns="http://www.w3.org/1999/xhtml" xml:lang="en" lang="en">
 <head>
  <title>
</title>
<meta http-equiv="Content-Type" content="text/html;charset=utf-8" />
  <meta name='ocr-system' content='tesseract 3.04.00' />
  <meta name='ocr-capabilities' content='ocr_page ocr_carea ocr_par ocr_line ocrx_word'/>
</head>
<body>
  <div class='ocr_page' id='page_1' title='image "./opuscula00ausouoft_0383.png"; bbox 0 0 1563 2511; ppageno 0'>
   <div class='ocr_carea' id='block_1_1' title="bbox 34 1155 91 1180">
    <p class='ocr_par' dir='ltr' id='par_1_1' title="bbox 34 1155 91 1180">
     <span class='ocr_line' id='line_1_1' title="bbox 34 1155 91 1180; baseline 0.018 -1"><span class='ocrx_word' id='word_1_1' title='bbox 34 1155 91 1180; x_wconf 78' lang='lat' dir='ltr'>xv</span> 
     </span>
    </p>
   </div>
   <div class='ocr_carea' id='block_1_2' title="bbox 628 54 941 95">
    <p class='ocr_par' dir='ltr' id='par_1_2' title="bbox 628 54 941 95">
     <span class='ocr_line' id='line_1_2' title="bbox 628 54 941 95; baseline 0.003 -1"><span class='ocrx_word' id='word_1_2' title='bbox 628 54 941 95; x_wconf 76' lang='lat'>-249—</span> 
     </span>
    </p>
   </div>
   <div class='ocr_carea' id='block_1_3' title="bbox 107 156 1453 1081">
    <p class='ocr_par' dir='ltr' id='par_1_3' title="bbox 110 156 917 212">
     <span class='ocr_line' id='line_1_3' title="bbox 110 156 917 212; baseline 0.001 -13"><span class='ocrx_word' id='word_1_3' title='bbox 110 156 171 199; x_wconf 88' lang='lat' dir='ltr'>Vt</span> <span class='ocrx_word' id='word_1_4' title='bbox 201 157 559 212; x_wconf 70' lang='lat' dir='ltr'>penthemimeres</span> <span class='ocrx_word' id='word_1_5' title='bbox 591 159 708 212; x_wconf 89' lang='lat' dir='ltr'>prior</span> <span class='ocrx_word' id='word_1_6' title='bbox 738 159 917 210; x_wconf 82' lang='lat' dir='ltr'>locetur,</span> 
     </span>
    </p>

    <p class='ocr_par' dir='ltr' id='par_1_4' title="bbox 112 215 1453 330">
     <span class='ocr_line' id='line_1_4' title="bbox 113 215 1453 271; baseline 0.004 -15"><span class='ocrx_word' id='word_1_7' title='bbox 113 215 221 257; x_wconf 90' lang='lat' dir='ltr'>Tum</span> <span class='ocrx_word' id='word_1_8' title='bbox 254 216 363 270; x_wconf 87' lang='lat' dir='ltr'>quod</span> <span class='ocrx_word' id='word_1_9' title='bbox 395 216 585 258; x_wconf 83' lang='lat' dir='ltr'>bucolice</span> <span class='ocrx_word' id='word_1_10' title='bbox 617 219 734 258; x_wconf 87' lang='lat' dir='ltr'>tome</span> <span class='ocrx_word' id='word_1_11' title='bbox 765 217 980 271; x_wconf 71' lang='lat' dir='ltr'>relinquit.</span> <span class='ocrx_word' id='word_1_12' title='bbox 1409 231 1453 262; x_wconf 80' lang='lat'>90</span> 
     </span>
     <span class='ocr_line' id='line_1_5' title="bbox 112 273 1041 330; baseline 0.002 -15"><span class='ocrx_word' id='word_1_13' title='bbox 112 273 221 316; x_wconf 79' lang='lat' dir='ltr'>Sunt</span> <span class='ocrx_word' id='word_1_14' title='bbox 253 278 295 316; x_wconf 89' lang='lat' dir='ltr'>et</span> <span class='ocrx_word' id='word_1_15' title='bbox 326 290 431 329; x_wconf 89' lang='lat' dir='ltr'>quos</span> <span class='ocrx_word' id='word_1_16' title='bbox 464 278 640 329; x_wconf 80' lang='lat' dir='ltr'>generat</span> <span class='ocrx_word' id='word_1_17' title='bbox 671 276 816 329; x_wconf 86' lang='lat' dir='ltr'>puella</span> <span class='ocrx_word' id='word_1_18' title='bbox 848 274 1041 330; x_wconf 80' lang='lat' dir='ltr'>Sappho:</span> 
     </span>
    </p>

    <p class='ocr_par' dir='ltr' id='par_1_5' title="bbox 112 333 1028 389">
     <span class='ocr_line' id='line_1_6' title="bbox 112 333 1028 389; baseline 0.002 -15"><span class='ocrx_word' id='word_1_19' title='bbox 112 333 226 382; x_wconf 80' lang='lat' dir='ltr'>Quos</span> <span class='ocrx_word' id='word_1_20' title='bbox 258 334 419 387; x_wconf 90' lang='lat' dir='ltr'>primus</span> <span class='ocrx_word' id='word_1_21' title='bbox 452 334 566 388; x_wconf 84' lang='lat' dir='ltr'>regit</span> <span class='ocrx_word' id='word_1_22' title='bbox 595 333 768 388; x_wconf 88' lang='lat' dir='ltr'>hippius</span> <span class='ocrx_word' id='word_1_23' title='bbox 802 335 1028 389; x_wconf 87' lang='lat' dir='ltr'>secundus,</span> 
     </span>
    </p>

    <p class='ocr_par' dir='ltr' id='par_1_6' title="bbox 111 390 980 434">
     <span class='ocr_line' id='line_1_7' title="bbox 111 390 980 434; baseline 0.002 -2"><span class='ocrx_word' id='word_1_24' title='bbox 111 390 171 432; x_wconf 88' lang='lat' dir='ltr'>Vt</span> <span class='ocrx_word' id='word_1_25' title='bbox 203 392 346 433; x_wconf 86' lang='lat' dir='ltr'>cludat</span> <span class='ocrx_word' id='word_1_26' title='bbox 378 392 659 434; x_wconf 79' lang='lat' dir='ltr'>choriambon</span> <span class='ocrx_word' id='word_1_27' title='bbox 689 392 980 434; x_wconf 72' lang='lat' dir='ltr'>antibacchus.</span> 
     </span>
    </p>

    <p class='ocr_par' dir='ltr' id='par_1_7' title="bbox 111 449 1023 506">
     <span class='ocr_line' id='line_1_8' title="bbox 111 449 1023 506; baseline 0.002 -15"><span class='ocrx_word' id='word_1_28' title='bbox 111 449 185 491; x_wconf 79' lang='lat' dir='ltr'>Set</span> <span class='ocrx_word' id='word_1_29' title='bbox 215 451 302 492; x_wconf 90' lang='lat' dir='ltr'>iam</span> <span class='ocrx_word' id='word_1_30' title='bbox 333 465 420 492; x_wconf 88' lang='lat' dir='ltr'>non</span> <span class='ocrx_word' id='word_1_31' title='bbox 452 452 632 505; x_wconf 88' lang='lat' dir='ltr'>poteris,</span> <span class='ocrx_word' id='word_1_32' title='bbox 665 451 832 505; x_wconf 84' lang='lat' dir='ltr'>Theon,</span> <span class='ocrx_word' id='word_1_33' title='bbox 864 452 1023 506; x_wconf 86' lang='lat' dir='ltr'>doceri,</span> 
     </span>
    </p>

    <p class='ocr_par' dir='ltr' id='par_1_8' title="bbox 108 508 1452 623">
     <span class='ocr_line' id='line_1_9' title="bbox 109 508 1452 566; baseline 0.004 -16"><span class='ocrx_word' id='word_1_34' title='bbox 109 508 200 551; x_wconf 88' lang='lat' dir='ltr'>Nec</span> <span class='ocrx_word' id='word_1_35' title='bbox 232 509 301 554; x_wconf 83' lang='lat' dir='ltr'>fas</span> <span class='ocrx_word' id='word_1_36' title='bbox 332 512 396 550; x_wconf 83' lang='lat' dir='ltr'>est</span> <span class='ocrx_word' id='word_1_37' title='bbox 427 510 533 550; x_wconf 87' lang='lat' dir='ltr'>mihi</span> <span class='ocrx_word' id='word_1_38' title='bbox 564 510 683 566; x_wconf 80' lang='lat' dir='ltr'>regio</span> <span class='ocrx_word' id='word_1_39' title='bbox 719 511 927 565; x_wconf 82' lang='lat' dir='ltr'>magistro</span> <span class='ocrx_word' id='word_1_40' title='bbox 1409 525 1452 555; x_wconf 85' lang='lat'>95</span> 
     </span>
     <span class='ocr_line' id='line_1_10' title="bbox 108 567 958 623; baseline 0.002 -15"><span class='ocrx_word' id='word_1_41' title='bbox 108 567 325 609; x_wconf 85' lang='lat' dir='ltr'>Plebeiam</span> <span class='ocrx_word' id='word_1_42' title='bbox 356 582 557 609; x_wconf 88' lang='lat' dir='ltr'>numeros</span> <span class='ocrx_word' id='word_1_43' title='bbox 589 569 739 610; x_wconf 87' lang='lat' dir='ltr'>docere</span> <span class='ocrx_word' id='word_1_44' title='bbox 769 569 958 623; x_wconf 86' lang='lat' dir='ltr'>pulpam.</span> 
     </span>
    </p>

    <p class='ocr_par' dir='ltr' id='par_1_9' title="bbox 109 626 984 682">
     <span class='ocr_line' id='line_1_11' title="bbox 109 626 984 682; baseline 0.003 -15"><span class='ocrx_word' id='word_1_45' title='bbox 109 626 271 668; x_wconf 89' lang='lat' dir='ltr'>Verum</span> <span class='ocrx_word' id='word_1_46' title='bbox 302 628 498 681; x_wconf 83' lang='lat' dir='ltr'>protinus</span> <span class='ocrx_word' id='word_1_47' title='bbox 531 627 624 681; x_wconf 88' lang='lat' dir='ltr'>ede,</span> <span class='ocrx_word' id='word_1_48' title='bbox 657 628 769 681; x_wconf 86' lang='lat' dir='ltr'>quod</span> <span class='ocrx_word' id='word_1_49' title='bbox 800 629 984 682; x_wconf 86' lang='lat' dir='ltr'>requiro.</span> 
     </span>
    </p>

    <p class='ocr_par' dir='ltr' id='par_1_10' title="bbox 108 684 1018 740">
     <span class='ocr_line' id='line_1_12' title="bbox 108 684 1018 740; baseline 0.003 -14"><span class='ocrx_word' id='word_1_50' title='bbox 108 684 184 726; x_wconf 90' lang='lat' dir='ltr'>Nil</span> <span class='ocrx_word' id='word_1_51' title='bbox 217 700 393 739; x_wconf 86' lang='lat' dir='ltr'>quaero,</span> <span class='ocrx_word' id='word_1_52' title='bbox 424 686 507 727; x_wconf 84' lang='lat' dir='ltr'>nisi</span> <span class='ocrx_word' id='word_1_53' title='bbox 540 686 653 740; x_wconf 85' lang='lat' dir='ltr'>quod</span> <span class='ocrx_word' id='word_1_54' title='bbox 684 687 815 727; x_wconf 86' lang='lat' dir='ltr'>labris</span> <span class='ocrx_word' id='word_1_55' title='bbox 848 690 1018 729; x_wconf 83' lang='lat' dir='ltr'>tenetur</span> 
     </span>
    </p>

    <p class='ocr_par' dir='ltr' id='par_1_11' title="bbox 107 743 987 800">
     <span class='ocr_line' id='line_1_13' title="bbox 107 743 987 800; baseline 0.002 -15"><span class='ocrx_word' id='word_1_56' title='bbox 107 743 166 786; x_wconf 73' lang='lat' dir='ltr'>Et</span> <span class='ocrx_word' id='word_1_57' title='bbox 198 744 310 799; x_wconf 90' lang='lat' dir='ltr'>quod</span> <span class='ocrx_word' id='word_1_58' title='bbox 341 759 429 786; x_wconf 89' lang='lat' dir='ltr'>non</span> <span class='ocrx_word' id='word_1_59' title='bbox 462 745 609 799; x_wconf 87' lang='lat' dir='ltr'>opicae</span> <span class='ocrx_word' id='word_1_60' title='bbox 641 748 793 800; x_wconf 83' lang='lat' dir='ltr'>tegunt</span> <span class='ocrx_word' id='word_1_61' title='bbox 822 746 987 800; x_wconf 84' lang='lat' dir='ltr'>papyri.</span> 
     </span>
    </p>

    <p class='ocr_par' dir='ltr' id='par_1_12' title="bbox 109 802 1452 905">
     <span class='ocr_line' id='line_1_14' title="bbox 109 802 1452 859; baseline 0.003 -15"><span class='ocrx_word' id='word_1_62' title='bbox 109 802 223 852; x_wconf 79' lang='lat' dir='ltr'>Quas</span> <span class='ocrx_word' id='word_1_63' title='bbox 257 803 293 843; x_wconf 86' lang='lat' dir='ltr'>si</span> <span class='ocrx_word' id='word_1_64' title='bbox 325 803 524 856; x_wconf 85' lang='lat' dir='ltr'>solueris,</span> <span class='ocrx_word' id='word_1_65' title='bbox 557 818 580 845; x_wconf 92' lang='lat' dir='ltr'>o</span> <span class='ocrx_word' id='word_1_66' title='bbox 613 809 758 857; x_wconf 87' lang='lat' dir='ltr'>poeta,</span> <span class='ocrx_word' id='word_1_67' title='bbox 790 819 944 859; x_wconf 80' lang='lat' dir='ltr'>nugas,</span> <span class='ocrx_word' id='word_1_68' title='bbox 1388 817 1452 848; x_wconf 87' lang='lat'>100</span> 
     </span>
     <span class='ocr_line' id='line_1_15' title="bbox 110 861 957 905; baseline 0.002 -3"><span class='ocrx_word' id='word_1_69' title='bbox 110 861 266 902; x_wconf 87' lang='lat' dir='ltr'>Totam</span> <span class='ocrx_word' id='word_1_70' title='bbox 304 862 426 903; x_wconf 86' lang='lat' dir='ltr'>trado</span> <span class='ocrx_word' id='word_1_71' title='bbox 460 862 541 903; x_wconf 84' lang='lat' dir='ltr'>tibi</span> <span class='ocrx_word' id='word_1_72' title='bbox 575 863 701 904; x_wconf 89' lang='lat' dir='ltr'>simul</span> <span class='ocrx_word' id='word_1_73' title='bbox 732 862 957 905; x_wconf 87' lang='lat' dir='ltr'>Vacunam</span> 
     </span>
    </p>

    <p class='ocr_par' dir='ltr' id='par_1_13' title="bbox 107 919 1044 976">
     <span class='ocr_line' id='line_1_16' title="bbox 107 919 1044 976; baseline 0.003 -15"><span class='ocrx_word' id='word_1_74' title='bbox 107 919 197 961; x_wconf 85' lang='lat' dir='ltr'>Nec</span> <span class='ocrx_word' id='word_1_75' title='bbox 230 921 316 961; x_wconf 90' lang='lat' dir='ltr'>iam</span> <span class='ocrx_word' id='word_1_76' title='bbox 346 923 446 975; x_wconf 86' lang='lat' dir='ltr'>post</span> <span class='ocrx_word' id='word_1_77' title='bbox 478 923 642 962; x_wconf 83' lang='lat' dir='ltr'>metues</span> <span class='ocrx_word' id='word_1_78' title='bbox 674 922 832 976; x_wconf 87' lang='lat' dir='ltr'>ubique</span> <span class='ocrx_word' id='word_1_79' title='bbox 866 922 1044 964; x_wconf 86' lang='lat' dir='ltr'>dictum:</span> 
     </span>
    </p>

    <p class='ocr_par' dir='ltr' id='par_1_14' title="bbox 107 979 951 1035">
     <span class='ocr_line' id='line_1_17' title="bbox 107 979 951 1035; baseline 0.004 -16"><span class='ocrx_word' id='word_1_80' title='bbox 107 979 221 1032; x_wconf 81' lang='lat' dir='ltr'>„Hic</span> <span class='ocrx_word' id='word_1_81' title='bbox 254 983 320 1020; x_wconf 83' lang='lat' dir='ltr'>est</span> <span class='ocrx_word' id='word_1_82' title='bbox 351 980 423 1020; x_wconf 89' lang='lat' dir='ltr'>ille</span> <span class='ocrx_word' id='word_1_83' title='bbox 457 979 608 1021; x_wconf 88' lang='lat' dir='ltr'>Theon</span> <span class='ocrx_word' id='word_1_84' title='bbox 639 984 767 1034; x_wconf 84' lang='lat' dir='ltr'>poeta</span> <span class='ocrx_word' id='word_1_85' title='bbox 797 981 951 1035; x_wconf 82' lang='lat' dir='ltr'>falsus,</span> 
     </span>
    </p>

    <p class='ocr_par' dir='ltr' id='par_1_15' title="bbox 107 1037 1006 1081">
     <span class='ocr_line' id='line_1_18' title="bbox 107 1037 1006 1081; baseline 0.003 -3"><span class='ocrx_word' id='word_1_86' title='bbox 107 1037 325 1080; x_wconf 85' lang='lat' dir='ltr'>Bonorum</span> <span class='ocrx_word' id='word_1_87' title='bbox 359 1039 474 1079; x_wconf 88' lang='lat' dir='ltr'>mala</span> <span class='ocrx_word' id='word_1_88' title='bbox 507 1039 743 1080; x_wconf 86' lang='lat' dir='ltr'>carminum</span> <span class='ocrx_word' id='word_1_89' title='bbox 775 1039 1006 1081; x_wconf 81' lang='lat' dir='ltr'>Lauerna.“</span> 
     </span>
    </p>
   </div>
   <div class='ocr_carea' id='block_1_4' title="bbox 115 1155 1358 1290">
    <p class='ocr_par' dir='ltr' id='par_1_16' title="bbox 115 1155 1358 1290">
     <span class='ocr_line' id='line_1_19' title="bbox 115 1155 1358 1237; baseline 0.002 -3"><span class='ocrx_word' id='word_1_90' title='bbox 115 1155 177 1185; x_wconf 44' lang='lat'>[³⁹⁶</span> <span class='ocrx_word' id='word_1_91' title='bbox 196 1155 443 1236; x_wconf 47' lang='lat' dir='ltr'>{PVSISNIVS</span> <span class='ocrx_word' id='word_1_92' title='bbox 476 1200 661 1236; x_wconf 80' lang='lat' dir='ltr'>THEONI</span> <span class='ocrx_word' id='word_1_93' title='bbox 693 1200 796 1236; x_wconf 86' lang='lat' dir='ltr'>CVM</span> <span class='ocrx_word' id='word_1_94' title='bbox 827 1202 875 1235; x_wconf 76' lang='lat' dir='ltr'>EI</span> <span class='ocrx_word' id='word_1_95' title='bbox 902 1201 1136 1236; x_wconf 76' lang='lat' dir='ltr'>TRIGINTA</span> <span class='ocrx_word' id='word_1_96' title='bbox 1171 1201 1358 1237; x_wconf 77' lang='lat' dir='ltr'>OSTREA</span> 
     </span>
     <span class='ocr_line' id='line_1_20' title="bbox 217 1247 1342 1290; baseline 0.002 -8"><span class='ocrx_word' id='word_1_97' title='bbox 217 1247 437 1282; x_wconf 81' lang='lat' dir='ltr'><strong>GRANDIA</strong></span> <span class='ocrx_word' id='word_1_98' title='bbox 464 1248 651 1290; x_wconf 78' lang='lat' dir='ltr'>QVIDEM</span> <span class='ocrx_word' id='word_1_99' title='bbox 679 1247 768 1282; x_wconf 83' lang='lat' dir='ltr'>SET</span> <span class='ocrx_word' id='word_1_100' title='bbox 795 1248 900 1282; x_wconf 84' lang='lat' dir='ltr'>TAM</span> <span class='ocrx_word' id='word_1_101' title='bbox 924 1248 1086 1284; x_wconf 88' lang='lat' dir='ltr'>PAVCA</span> <span class='ocrx_word' id='word_1_102' title='bbox 1112 1249 1342 1284; x_wconf 76' lang='lat' dir='ltr'>MISISSET.</span> 
     </span>
    </p>
   </div>
   <div class='ocr_carea' id='block_1_5' title="bbox 106 1331 1454 1564">
    <p class='ocr_par' dir='ltr' id='par_1_17' title="bbox 106 1331 1454 1564">
     <span class='ocr_line' id='line_1_21' title="bbox 194 1331 1454 1388; baseline 0.002 -16"><span class='ocrx_word' id='word_1_103' title='bbox 194 1331 556 1386; x_wconf 84' lang='lat' dir='ltr'>Expectaueram,</span> <span class='ocrx_word' id='word_1_104' title='bbox 597 1335 643 1373; x_wconf 85' lang='lat' dir='ltr'>ut</span> <span class='ocrx_word' id='word_1_105' title='bbox 674 1333 930 1374; x_wconf 80' lang='lat' dir='ltr'>rescriberes</span> <span class='ocrx_word' id='word_1_106' title='bbox 963 1333 1017 1374; x_wconf 85' lang='lat' dir='ltr'>ad</span> <span class='ocrx_word' id='word_1_107' title='bbox 1051 1348 1117 1388; x_wconf 89' lang='lat' dir='ltr'>ea,</span> <span class='ocrx_word' id='word_1_108' title='bbox 1155 1348 1261 1388; x_wconf 91' lang='lat' dir='ltr'>quae</span> <span class='ocrx_word' id='word_1_109' title='bbox 1295 1334 1454 1375; x_wconf 86' lang='lat' dir='ltr'>dudum</span> 
     </span>
     <span class='ocr_line' id='line_1_22' title="bbox 106 1389 1454 1448; baseline 0.003 -18"><span class='ocrx_word' id='word_1_110' title='bbox 106 1389 352 1431; x_wconf 81' lang='lat' dir='ltr'>ioculariter</span> <span class='ocrx_word' id='word_1_111' title='bbox 387 1391 574 1432; x_wconf 88' lang='lat' dir='ltr'>luseram</span> <span class='ocrx_word' id='word_1_112' title='bbox 614 1391 663 1432; x_wconf 88' lang='lat' dir='ltr'>de</span> <span class='ocrx_word' id='word_1_113' title='bbox 697 1393 935 1433; x_wconf 83' lang='lat' dir='ltr'>cessatione</span> <span class='ocrx_word' id='word_1_114' title='bbox 972 1395 1047 1433; x_wconf 88' lang='lat' dir='ltr'>tua</span> <span class='ocrx_word' id='word_1_115' title='bbox 1085 1393 1212 1434; x_wconf 87' lang='lat' dir='ltr'>ualde</span> <span class='ocrx_word' id='word_1_116' title='bbox 1243 1393 1379 1448; x_wconf 88' lang='lat' dir='ltr'>impia</span> <span class='ocrx_word' id='word_1_117' title='bbox 1412 1397 1454 1435; x_wconf 85' lang='lat' dir='ltr'>et</span> 
     </span>
     <span class='ocr_line' id='line_1_23' title="bbox 107 1449 1454 1507; baseline 0.003 -18"><span class='ocrx_word' id='word_1_118' title='bbox 107 1463 201 1490; x_wconf 88' lang='lat' dir='ltr'>mea</span> <span class='ocrx_word' id='word_1_119' title='bbox 242 1449 571 1504; x_wconf 81' lang='lat' dir='ltr'>efflagitatione,</span> <span class='ocrx_word' id='word_1_120' title='bbox 613 1450 730 1491; x_wconf 84' lang='lat' dir='ltr'>cuius</span> <span class='ocrx_word' id='word_1_121' title='bbox 769 1451 829 1491; x_wconf 90' lang='lat' dir='ltr'>rei</span> <span class='ocrx_word' id='word_1_122' title='bbox 862 1465 1018 1492; x_wconf 88' lang='lat' dir='ltr'>munus</span> <span class='ocrx_word' id='word_1_123' title='bbox 1050 1452 1317 1506; x_wconf 88' lang='lat' dir='ltr'>reciprocum</span> <span class='ocrx_word' id='word_1_124' title='bbox 1351 1467 1454 1507; x_wconf 92' lang='lat' dir='ltr'>quo-</span> 
     </span>
     <span class='ocr_line' id='line_1_24' title="bbox 106 1507 1452 1564; baseline 0.002 -16"><span class='ocrx_word' id='word_1_125' title='bbox 106 1507 223 1549; x_wconf 86' lang='lat' dir='ltr'>niam</span> <span class='ocrx_word' id='word_1_126' title='bbox 261 1508 306 1549; x_wconf 87' lang='lat' dir='ltr'>in</span> <span class='ocrx_word' id='word_1_127' title='bbox 344 1523 411 1550; x_wconf 92' lang='lat' dir='ltr'>me</span> <span class='ocrx_word' id='word_1_128' title='bbox 451 1508 627 1550; x_wconf 89' lang='lat' dir='ltr'>colendo</span> <span class='ocrx_word' id='word_1_129' title='bbox 673 1509 897 1564; x_wconf 83' lang='lat' dir='ltr'>fastidisti,</span> <span class='ocrx_word' id='word_1_130' title='bbox 942 1510 1120 1552; x_wconf 84' lang='lat' dir='ltr'>inuenta</span> <span class='ocrx_word' id='word_1_131' title='bbox 1162 1510 1275 1551; x_wconf 83' lang='lat' dir='ltr'>inter</span> <span class='ocrx_word' id='word_1_132' title='bbox 1315 1510 1452 1552; x_wconf 87' lang='lat' dir='ltr'>tineas</span> 
     </span>
    </p>
   </div>
   <div class='ocr_carea' id='block_1_6' title="bbox 105 1591 242 1594">
    <p class='ocr_par' dir='ltr' id='par_1_18' title="bbox 105 1591 242 1594">
     <span class='ocr_line' id='line_1_25' title="bbox 105 1591 242 1594; baseline 0 0"><span class='ocrx_word' id='word_1_133' title='bbox 105 1591 242 1594; x_wconf 95' lang='lat' dir='ltr'> </span> 
     </span>
    </p>
   </div>
   <div class='ocr_carea' id='block_1_7' title="bbox 248 1590 388 1595">
    <p class='ocr_par' dir='ltr' id='par_1_19' title="bbox 248 1590 388 1595">
     <span class='ocr_line' id='line_1_26' title="bbox 248 1590 388 1595; baseline 0 0"><span class='ocrx_word' id='word_1_134' title='bbox 248 1590 388 1595; x_wconf 95' lang='lat' dir='ltr'> </span> 
     </span>
    </p>
   </div>
   <div class='ocr_carea' id='block_1_8' title="bbox 100 1615 1456 2210">
    <p class='ocr_par' dir='ltr' id='par_1_20' title="bbox 102 1615 1456 1917">
     <span class='ocr_line' id='line_1_27' title="bbox 200 1615 1456 1682; baseline 0.002 -13"><span class='ocrx_word' id='word_1_135' title='bbox 200 1639 243 1669; x_wconf 80' lang='lat'>89</span> <span class='ocrx_word' id='word_1_136' title='bbox 287 1635 573 1680; x_wconf 80' lang='lat' dir='ltr'>pentemimeres</span> <span class='ocrx_word' id='word_1_137' title='bbox 615 1635 650 1670; x_wconf 99' lang='lat' dir='ltr'><strong><em>V</em></strong></span> <span class='ocrx_word' id='word_1_138' title='bbox 693 1636 984 1680; x_wconf 73' lang='lat' dir='ltr'>penthemimere</span> <span class='ocrx_word' id='word_1_139' title='bbox 1021 1637 1056 1670; x_wconf 89' lang='lat' dir='ltr'><strong><em>L</em></strong></span> <span class='ocrx_word' id='word_1_140' title='bbox 1098 1615 1382 1682; x_wconf 56' lang='lat' dir='ltr'>pentimeme1·es</span> <span class='ocrx_word' id='word_1_141' title='bbox 1424 1637 1456 1672; x_wconf 98' lang='lat' dir='ltr'>T</span> 
     </span>
     <span class='ocr_line' id='line_1_28' title="bbox 104 1681 1451 1729; baseline 0.002 -14"><span class='ocrx_word' id='word_1_142' title='bbox 104 1681 388 1726; x_wconf 74' lang='lat' dir='ltr'>pentimemeres</span> <span class='ocrx_word' id='word_1_143' title='bbox 416 1681 475 1727; x_wconf 63' lang='lat' dir='ltr'>G!</span> <span class='ocrx_word' id='word_1_144' title='bbox 509 1683 611 1727; x_wconf 83' lang='lat' dir='ltr'>prius</span> <span class='ocrx_word' id='word_1_145' title='bbox 637 1682 671 1716; x_wconf 88' lang='lat' dir='ltr'><strong><em>L</em></strong></span> <span class='ocrx_word' id='word_1_146' title='bbox 769 1687 813 1717; x_wconf 89' lang='lat'>90</span> <span class='ocrx_word' id='word_1_147' title='bbox 841 1696 911 1726; x_wconf 85' lang='lat' dir='ltr'>quo</span> <span class='ocrx_word' id='word_1_148' title='bbox 943 1683 998 1727; x_wconf 72' lang='lat' dir='ltr'>Vl</span> <span class='ocrx_word' id='word_1_149' title='bbox 1034 1684 1219 1718; x_wconf 84' lang='lat' dir='ltr'>bucolicet</span> <span class='ocrx_word' id='word_1_150' title='bbox 1244 1684 1278 1717; x_wconf 94' lang='lat' dir='ltr'><em>Z</em></span> <span class='ocrx_word' id='word_1_151' title='bbox 1297 1686 1301 1727; x_wconf 63' lang='grc' dir='ltr'>ξ</span> <span class='ocrx_word' id='word_1_152' title='bbox 1335 1685 1451 1729; x_wconf 82' lang='lat' dir='ltr'>tome]</span> 
     </span>
     <span class='ocr_line' id='line_1_29' title="bbox 103 1729 1452 1775; baseline 0.001 -12"><span class='ocrx_word' id='word_1_153' title='bbox 103 1739 212 1773; x_wconf 90' lang='lat' dir='ltr'>pome</span> <span class='ocrx_word' id='word_1_154' title='bbox 241 1729 274 1763; x_wconf 89' lang='grc' dir='ltr'><em>Τ</em></span> <span class='ocrx_word' id='word_1_155' title='bbox 308 1740 403 1773; x_wconf 91' lang='lat' dir='ltr'>pone</span> <span class='ocrx_word' id='word_1_156' title='bbox 431 1729 465 1764; x_wconf 75' lang='lat' dir='ltr'>G—</span> <span class='ocrx_word' id='word_1_157' title='bbox 500 1740 558 1764; x_wconf 93' lang='lat' dir='ltr'>me</span> <span class='ocrx_word' id='word_1_158' title='bbox 585 1730 619 1763; x_wconf 89' lang='lat' dir='ltr'><strong><em>L</em></strong></span> <span class='ocrx_word' id='word_1_159' title='bbox 717 1734 760 1764; x_wconf 87' lang='lat'>91</span> <span class='ocrx_word' id='word_1_160' title='bbox 788 1731 906 1775; x_wconf 84' lang='lat' dir='ltr'>sapho</span> <span class='ocrx_word' id='word_1_161' title='bbox 936 1731 969 1765; x_wconf 88' lang='grc' dir='ltr'><em>Τ</em></span> <span class='ocrx_word' id='word_1_162' title='bbox 1063 1735 1107 1765; x_wconf 81' lang='lat'>92</span> <span class='ocrx_word' id='word_1_163' title='bbox 1134 1741 1206 1774; x_wconf 90' lang='lat' dir='ltr'>quo</span> <span class='ocrx_word' id='word_1_164' title='bbox 1236 1731 1291 1771; x_wconf 64' lang='grc' dir='ltr'>ΤΞ</span> <span class='ocrx_word' id='word_1_165' title='bbox 1314 1730 1452 1775; x_wconf 80' lang='lat' dir='ltr'>primos</span> 
     </span>
     <span class='ocr_line' id='line_1_30' title="bbox 105 1775 1453 1822; baseline 0.002 -13"><span class='ocrx_word' id='word_1_166' title='bbox 105 1776 138 1809; x_wconf 94' lang='lat' dir='ltr'><em>Z</em></span> <span class='ocrx_word' id='word_1_167' title='bbox 165 1776 169 1821; x_wconf 84' lang='grc' dir='ltr'>Ι</span> <span class='ocrx_word' id='word_1_168' title='bbox 203 1776 327 1820; x_wconf 89' lang='lat' dir='ltr'>ippius</span> <span class='ocrx_word' id='word_1_169' title='bbox 361 1775 395 1809; x_wconf 94' lang='lat' dir='ltr'><em>V</em></span> <span class='ocrx_word' id='word_1_170' title='bbox 427 1776 587 1821; x_wconf 83' lang='lat' dir='ltr'>hyppius</span> <span class='ocrx_word' id='word_1_171' title='bbox 618 1777 651 1810; x_wconf 93' lang='lat' dir='ltr'>T</span> <span class='ocrx_word' id='word_1_172' title='bbox 744 1781 787 1811; x_wconf 91' lang='lat'>93</span> <span class='ocrx_word' id='word_1_173' title='bbox 815 1777 942 1812; x_wconf 85' lang='lat' dir='ltr'>cludat</span> <span class='ocrx_word' id='word_1_174' title='bbox 972 1777 1044 1811; x_wconf 91' lang='lat' dir='ltr'>VL</span> <span class='ocrx_word' id='word_1_175' title='bbox 1072 1778 1222 1812; x_wconf 86' lang='lat' dir='ltr'>claudat</span> <span class='ocrx_word' id='word_1_176' title='bbox 1250 1778 1347 1822; x_wconf 78' lang='lat' dir='ltr'>TG}</span> <span class='ocrx_word' id='word_1_177' title='bbox 1377 1789 1453 1812; x_wconf 81' lang='lat' dir='ltr'>cor-</span> 
     </span>
     <span class='ocr_line' id='line_1_31' title="bbox 102 1821 1359 1867; baseline 0.002 -11"><span class='ocrx_word' id='word_1_178' title='bbox 102 1821 253 1857; x_wconf 87' lang='lat' dir='ltr'>iambon</span> <span class='ocrx_word' id='word_1_179' title='bbox 290 1822 325 1857; x_wconf 90' lang='lat' dir='ltr'><strong><em>V</em></strong></span> <span class='ocrx_word' id='word_1_180' title='bbox 360 1824 364 1867; x_wconf 87' lang='grc' dir='ltr'>Ι</span> <span class='ocrx_word' id='word_1_181' title='bbox 405 1823 621 1858; x_wconf 85' lang='lat' dir='ltr'>antibaccus</span> <span class='ocrx_word' id='word_1_182' title='bbox 656 1823 690 1857; x_wconf 91' lang='lat' dir='ltr'><strong><em>V</em></strong></span> <span class='ocrx_word' id='word_1_183' title='bbox 726 1823 920 1858; x_wconf 80' lang='lat' dir='ltr'>antibacus</span> <span class='ocrx_word' id='word_1_184' title='bbox 945 1823 980 1857; x_wconf 94' lang='lat' dir='ltr'><strong><em>L</em></strong></span> <span class='ocrx_word' id='word_1_185' title='bbox 1020 1824 1260 1860; x_wconf 83' lang='lat' dir='ltr'>antibrachus</span> <span class='ocrx_word' id='word_1_186' title='bbox 1287 1825 1359 1859; x_wconf 64' lang='grc' dir='ltr'>ΤΘ</span> 
     </span>
     <span class='ocr_line' id='line_1_32' title="bbox 103 1869 1455 1917; baseline 0.001 -13"><span class='ocrx_word' id='word_1_187' title='bbox 103 1873 148 1904; x_wconf 87' lang='grc'>94</span> <span class='ocrx_word' id='word_1_188' title='bbox 175 1869 247 1915; x_wconf 75' lang='lat' dir='ltr'>set]</span> <span class='ocrx_word' id='word_1_189' title='bbox 275 1869 307 1904; x_wconf 91' lang='lat' dir='ltr'><strong><em>V</em></strong></span> <span class='ocrx_word' id='word_1_190' title='bbox 328 1871 333 1914; x_wconf 75' lang='lat'>1</span> <span class='ocrx_word' id='word_1_191' title='bbox 356 1869 494 1913; x_wconf 84' lang='lat' dir='ltr'>poteris</span> <span class='ocrx_word' id='word_1_192' title='bbox 521 1872 557 1905; x_wconf 83' lang='lat' dir='ltr'>te</span> <span class='ocrx_word' id='word_1_193' title='bbox 585 1881 605 1904; x_wconf 94' lang='lat' dir='ltr'>o</span> <span class='ocrx_word' id='word_1_194' title='bbox 632 1870 666 1904; x_wconf 91' lang='lat' dir='ltr'><strong><em>V</em></strong></span> <span class='ocrx_word' id='word_1_195' title='bbox 687 1881 776 1906; x_wconf 72' lang='lat' dir='ltr'>corr.</span> <span class='ocrx_word' id='word_1_196' title='bbox 801 1871 882 1906; x_wconf 89' lang='lat' dir='ltr'>Toll</span> <span class='ocrx_word' id='word_1_197' title='bbox 907 1873 1013 1915; x_wconf 86' lang='lat' dir='ltr'>potes</span> <span class='ocrx_word' id='word_1_198' title='bbox 1041 1872 1181 1915; x_wconf 84' lang='lat' dir='ltr'>(potest</span> <span class='ocrx_word' id='word_1_199' title='bbox 1201 1872 1246 1917; x_wconf 88' lang='lat' dir='ltr'>G)</span> <span class='ocrx_word' id='word_1_200' title='bbox 1279 1871 1399 1906; x_wconf 82' lang='lat' dir='ltr'>ostolo</span> <span class='ocrx_word' id='word_1_201' title='bbox 1421 1873 1455 1905; x_wconf 89' lang='lat' dir='ltr'><em>Z</em></span> 
     </span>
    </p>

    <p class='ocr_par' dir='ltr' id='par_1_21' title="bbox 102 1916 1456 2070">
     <span class='ocr_line' id='line_1_33' title="bbox 151 1916 1456 1963; baseline 0.001 -12"><span class='ocrx_word' id='word_1_202' title='bbox 151 1921 194 1951; x_wconf 86' lang='lat'>95</span> <span class='ocrx_word' id='word_1_203' title='bbox 220 1917 307 1951; x_wconf 91' lang='lat' dir='ltr'>mici</span> <span class='ocrx_word' id='word_1_204' title='bbox 338 1916 373 1951; x_wconf 94' lang='lat' dir='ltr'><strong><em>V</em></strong></span> <span class='ocrx_word' id='word_1_205' title='bbox 399 1918 403 1962; x_wconf 82' lang='grc'>1</span> <span class='ocrx_word' id='word_1_206' title='bbox 438 1917 617 1963; x_wconf 78' lang='lat' dir='ltr'>magistro</span> <span class='ocrx_word' id='word_1_207' title='bbox 647 1918 678 1951; x_wconf 89' lang='grc' dir='ltr'><em>Τ</em></span> <span class='ocrx_word' id='word_1_208' title='bbox 775 1922 818 1952; x_wconf 82' lang='lat'>96</span> <span class='ocrx_word' id='word_1_209' title='bbox 845 1919 1016 1963; x_wconf 80' lang='lat' dir='ltr'>plebeam</span> <span class='ocrx_word' id='word_1_210' title='bbox 1046 1918 1079 1953; x_wconf 74' lang='lat' dir='ltr'><strong><em>G</em></strong></span> <span class='ocrx_word' id='word_1_211' title='bbox 1177 1923 1219 1954; x_wconf 85' lang='lat'>98</span> <span class='ocrx_word' id='word_1_212' title='bbox 1247 1919 1351 1953; x_wconf 87' lang='lat' dir='ltr'>libris</span> <span class='ocrx_word' id='word_1_213' title='bbox 1383 1918 1456 1953; x_wconf 91' lang='lat' dir='ltr'><strong><em>VZ</em></strong></span> 
     </span>
     <span class='ocr_line' id='line_1_34' title="bbox 102 1976 1450 2021; baseline 0.002 -11"><span class='ocrx_word' id='word_1_214' title='bbox 102 1986 192 2011; x_wconf 76' lang='lat' dir='ltr'>corr.</span> <span class='ocrx_word' id='word_1_215' title='bbox 219 1976 436 2011; x_wconf 65' lang='lat' dir='ltr'>Dezeimeris</span> <span class='ocrx_word' id='word_1_216' title='bbox 533 1981 576 2011; x_wconf 88' lang='lat'>99</span> <span class='ocrx_word' id='word_1_217' title='bbox 606 1977 714 2021; x_wconf 77' lang='lat' dir='ltr'>tegfit</span> <span class='ocrx_word' id='word_1_218' title='bbox 738 1976 861 2021; x_wconf 85' lang='lat' dir='ltr'>papiri</span> <span class='ocrx_word' id='word_1_219' title='bbox 892 1977 927 2011; x_wconf 95' lang='lat' dir='ltr'><strong><em>V</em></strong></span> <span class='ocrx_word' id='word_1_220' title='bbox 1019 1981 1181 2013; x_wconf 84' lang='lat'>99—101</span> <span class='ocrx_word' id='word_1_221' title='bbox 1208 1979 1234 2020; x_wconf 78' lang='lat' dir='ltr'>f.</span> <span class='ocrx_word' id='word_1_222' title='bbox 1263 1982 1329 2013; x_wconf 82' lang='lat' dir='ltr'>55v</span> <span class='ocrx_word' id='word_1_223' title='bbox 1354 1989 1450 2021; x_wconf 65' lang='lat' dir='ltr'>repe-</span> 
     </span>
     <span class='ocr_line' id='line_1_35' title="bbox 102 2024 1454 2070; baseline 0.001 -14"><span class='ocrx_word' id='word_1_224' title='bbox 102 2026 232 2058; x_wconf 69' lang='lat' dir='ltr'>tuntur</span> <span class='ocrx_word' id='word_1_225' title='bbox 257 2024 409 2067; x_wconf 75' lang='lat' dir='ltr'>(priores</span> <span class='ocrx_word' id='word_1_226' title='bbox 435 2025 603 2059; x_wconf 74' lang='lat' dir='ltr'>cancellis</span> <span class='ocrx_word' id='word_1_227' title='bbox 628 2024 777 2059; x_wconf 72' lang='lat' dir='ltr'>inclusit</span> <span class='ocrx_word' id='word_1_228' title='bbox 802 2025 1009 2059; x_wconf 71' lang='lat' dir='ltr'>rubricator</span> <span class='ocrx_word' id='word_1_229' title='bbox 1034 2029 1065 2060; x_wconf 76' lang='lat' dir='ltr'>et</span> <span class='ocrx_word' id='word_1_230' title='bbox 1086 2026 1237 2070; x_wconf 73' lang='lat' dir='ltr'>syllabis</span> <span class='ocrx_word' id='word_1_231' title='bbox 1256 2026 1398 2068; x_wconf 86' lang='lat' dir='ltr'>ua-cat)</span> <span class='ocrx_word' id='word_1_232' title='bbox 1423 2024 1454 2057; x_wconf 85' lang='lat' dir='ltr'>T</span> 
     </span>
    </p>

    <p class='ocr_par' dir='ltr' id='par_1_22' title="bbox 100 2070 1455 2163">
     <span class='ocr_line' id='line_1_36' title="bbox 151 2070 1447 2116; baseline 0 -12"><span class='ocrx_word' id='word_1_233' title='bbox 151 2073 217 2104; x_wconf 90' lang='lat'>100</span> <span class='ocrx_word' id='word_1_234' title='bbox 245 2070 357 2112; x_wconf 81' lang='lat' dir='ltr'>Quasi</span> <span class='ocrx_word' id='word_1_235' title='bbox 384 2071 489 2115; x_wconf 85' lang='lat' dir='ltr'>(quas</span> <span class='ocrx_word' id='word_1_236' title='bbox 515 2072 546 2105; x_wconf 90' lang='lat' dir='ltr'>si</span> <span class='ocrx_word' id='word_1_237' title='bbox 566 2082 626 2114; x_wconf 74' lang='lat' dir='ltr'>pr.</span> <span class='ocrx_word' id='word_1_238' title='bbox 652 2072 711 2115; x_wconf 82' lang='lat' dir='ltr'>ss.)</span> <span class='ocrx_word' id='word_1_239' title='bbox 741 2071 773 2105; x_wconf 94' lang='lat' dir='ltr'>T</span> <span class='ocrx_word' id='word_1_240' title='bbox 796 2072 986 2116; x_wconf 74' lang='lat' dir='ltr'>utrobique</span> <span class='ocrx_word' id='word_1_241' title='bbox 1026 2075 1029 2114; x_wconf 88' lang='grc' dir='ltr'>Ι</span> <span class='ocrx_word' id='word_1_242' title='bbox 1071 2072 1225 2107; x_wconf 81' lang='lat' dir='ltr'>solberis</span> <span class='ocrx_word' id='word_1_243' title='bbox 1256 2072 1290 2106; x_wconf 92' lang='lat' dir='ltr'><strong><em>V</em></strong></span> <span class='ocrx_word' id='word_1_244' title='bbox 1384 2076 1447 2105; x_wconf 88' lang='lat'>101</span> 
     </span>
     <span class='ocr_line' id='line_1_37' title="bbox 100 2117 1455 2163; baseline 0.001 -13"><span class='ocrx_word' id='word_1_245' title='bbox 100 2118 239 2151; x_wconf 79' lang='lat' dir='ltr'>tortam</span> <span class='ocrx_word' id='word_1_246' title='bbox 272 2117 330 2160; x_wconf 84' lang='lat' dir='ltr'>Vl</span> <span class='ocrx_word' id='word_1_247' title='bbox 351 2128 533 2152; x_wconf 87' lang='lat' dir='ltr'>uacunam</span> <span class='ocrx_word' id='word_1_248' title='bbox 559 2119 594 2152; x_wconf 91' lang='lat' dir='ltr'><em>Z</em></span> <span class='ocrx_word' id='word_1_249' title='bbox 624 2120 661 2153; x_wconf 83' lang='lat' dir='ltr'>et</span> <span class='ocrx_word' id='word_1_250' title='bbox 686 2129 822 2163; x_wconf 85' lang='lat' dir='ltr'>agnam</span> <span class='ocrx_word' id='word_1_251' title='bbox 856 2119 889 2152; x_wconf 95' lang='lat' dir='ltr'><strong><em>V</em></strong></span> <span class='ocrx_word' id='word_1_252' title='bbox 972 2122 1038 2153; x_wconf 84' lang='lat'>103</span> <span class='ocrx_word' id='word_1_253' title='bbox 1065 2119 1098 2153; x_wconf 87' lang='lat' dir='ltr'>ic</span> <span class='ocrx_word' id='word_1_254' title='bbox 1125 2122 1182 2154; x_wconf 83' lang='lat' dir='ltr'>est</span> <span class='ocrx_word' id='word_1_255' title='bbox 1212 2119 1258 2153; x_wconf 79' lang='lat' dir='ltr'>V¹</span> <span class='ocrx_word' id='word_1_256' title='bbox 1281 2121 1285 2162; x_wconf 88' lang='lat' dir='ltr'>l</span> <span class='ocrx_word' id='word_1_257' title='bbox 1308 2120 1395 2152; x_wconf 85' lang='lat' dir='ltr'>teon</span> <span class='ocrx_word' id='word_1_258' title='bbox 1421 2118 1455 2151; x_wconf 93' lang='lat' dir='ltr'><strong><em>V</em></strong></span> 
     </span>
    </p>

    <p class='ocr_par' dir='ltr' id='par_1_23' title="bbox 150 2164 1088 2210">
     <span class='ocr_line' id='line_1_38' title="bbox 150 2164 1088 2210; baseline 0.003 -13"><span class='ocrx_word' id='word_1_259' title='bbox 150 2168 217 2198; x_wconf 72' lang='lat'>104</span> <span class='ocrx_word' id='word_1_260' title='bbox 242 2164 395 2199; x_wconf 88' lang='lat' dir='ltr'>lauerna</span> <span class='ocrx_word' id='word_1_261' title='bbox 421 2166 454 2198; x_wconf 92' lang='lat' dir='ltr'><em>Z</em></span> <span class='ocrx_word' id='word_1_262' title='bbox 480 2165 613 2210; x_wconf 84' lang='lat' dir='ltr'>(latina</span> <span class='ocrx_word' id='word_1_263' title='bbox 638 2176 681 2200; x_wconf 83' lang='lat' dir='ltr'>ss.</span> <span class='ocrx_word' id='word_1_264' title='bbox 708 2177 764 2209; x_wconf 77' lang='lat' dir='ltr'>pr.</span> <span class='ocrx_word' id='word_1_265' title='bbox 796 2165 841 2210; x_wconf 84' lang='lat' dir='ltr'>T)</span> <span class='ocrx_word' id='word_1_266' title='bbox 867 2165 1023 2201; x_wconf 84' lang='lat' dir='ltr'>taberna</span> <span class='ocrx_word' id='word_1_267' title='bbox 1055 2166 1088 2200; x_wconf 93' lang='lat' dir='ltr'><strong><em>V</em></strong></span> 
     </span>
    </p>
   </div>
   <div class='ocr_carea' id='block_1_9' title="bbox 100 2222 1367 2329">
    <p class='ocr_par' dir='ltr' id='par_1_24' title="bbox 100 2222 1367 2329">
     <span class='ocr_line' id='line_1_39' title="bbox 194 2222 1367 2281; baseline 0.001 -12"><span class='ocrx_word' id='word_1_268' title='bbox 194 2235 261 2268; x_wconf 79' lang='lat' dir='ltr'>XV</span> <span class='ocrx_word' id='word_1_269' title='bbox 286 2235 387 2270; x_wconf 86' lang='lat' dir='ltr'>teoni</span> <span class='ocrx_word' id='word_1_270' title='bbox 417 2235 473 2278; x_wconf 79' lang='lat' dir='ltr'>Vl</span> <span class='ocrx_word' id='word_1_271' title='bbox 496 2237 534 2270; x_wconf 86' lang='lat' dir='ltr'>et</span> <span class='ocrx_word' id='word_1_272' title='bbox 565 2235 609 2269; x_wconf 74' lang='lat' dir='ltr'><strong><em>V¹</em></strong></span> <span class='ocrx_word' id='word_1_273' title='bbox 637 2235 671 2271; x_wconf 83' lang='lat' dir='ltr'>ci</span> <span class='ocrx_word' id='word_1_274' title='bbox 695 2247 739 2272; x_wconf 83' lang='lat' dir='ltr'>ss.</span> <span class='ocrx_word' id='word_1_275' title='bbox 767 2235 823 2281; x_wconf 77' lang='lat' dir='ltr'>Vl</span> <span class='ocrx_word' id='word_1_276' title='bbox 846 2222 966 2273; x_wconf 57' lang='lat' dir='ltr'>ostrzie</span> <span class='ocrx_word' id='word_1_277' title='bbox 999 2237 1033 2272; x_wconf 91' lang='lat' dir='ltr'><strong><em>V</em></strong></span> <span class='ocrx_word' id='word_1_278' title='bbox 1127 2242 1143 2270; x_wconf 94' lang='lat'>1</span> <span class='ocrx_word' id='word_1_279' title='bbox 1173 2237 1219 2272; x_wconf 85' lang='lat' dir='ltr'>ad</span> <span class='ocrx_word' id='word_1_280' title='bbox 1247 2226 1287 2271; x_wconf 59' lang='lat' dir='ltr'>ea</span> <span class='ocrx_word' id='word_1_281' title='bbox 1323 2236 1367 2270; x_wconf 84' lang='lat' dir='ltr'>V¹</span> 
     </span>
     <span class='ocr_line' id='line_1_40' title="bbox 100 2282 588 2329; baseline 0.002 -13"><span class='ocrx_word' id='word_1_282' title='bbox 100 2286 132 2316; x_wconf 78' lang='lat'>4.</span> <span class='ocrx_word' id='word_1_283' title='bbox 161 2286 181 2316; x_wconf 87' lang='lat'>5</span> <span class='ocrx_word' id='word_1_284' title='bbox 209 2283 327 2329; x_wconf 75' lang='lat' dir='ltr'>tineas</span> <span class='ocrx_word' id='word_1_285' title='bbox 353 2283 512 2329; x_wconf 72' lang='lat' dir='ltr'>epistola</span> <span class='ocrx_word' id='word_1_286' title='bbox 542 2282 588 2317; x_wconf 84' lang='lat' dir='ltr'>V¹</span> 
     </span>
    </p>
   </div>
   <div class='ocr_carea' id='block_1_10' title="bbox 1473 2237 1509 2272">
    <p class='ocr_par' dir='ltr' id='par_1_25' title="bbox 1473 2237 1509 2272">
     <span class='ocr_line' id='line_1_41' title="bbox 1473 2237 1509 2272; baseline 0 0"><span class='ocrx_word' id='word_1_287' title='bbox 1473 2237 1509 2272; x_wconf 82' lang='lat' dir='ltr'><strong><em>V</em></strong></span> 
     </span>
    </p>
   </div>
  </div>
 </body>
</html>
