1563 2511
583 25 869 67 —52—

0 200 58 234 194]
245 187 326 223 IIlI.
362 185 536 222 ATTIVS
562 185 757 222 PATERA
783 186 976 233 [PATER]
1003 185 1211 222 RHETOR.

113 271 271 313 Aetate
305 285 564 326 quamquam
596 271 749 312 uiceris
784 271 921 312 dictos
953 271 1088 325 prius,

173 330 350 383 Patera,
380 329 500 371 fandi
530 329 708 371 nobilis:

112 389 295 443 Tamen,
326 388 438 443 quod
471 402 576 430 aeuo
608 387 795 429 floruisti
826 387 1020 441 proximo

171 447 428 502 quenisque
459 449 502 488 te
534 447 622 487 uidi
655 461 819 499 senem,

112 505 290 548 Honore
323 508 513 547 maestae
544 520 633 547 non
665 505 829 546 carebis
862 504 1034 558 neniae,

171 564 336 606 Doctor
366 565 607 619 potentum.
622 563 854 605 rhetorum.

113 623 179 665 Tu
209 622 434 665 Baiocassi
467 623 599 677 stirpe
631 622 891 663 Druidarum
924 624 1059 676 satus,

174 681 219 724 Si
250 682 366 723 fama
397 695 486 722 non
517 681 630 722 fallit
662 681 806 734 fidem,

113 741 264 782 Beleni
296 742 509 782 sacratum
543 739 660 780 ducis
694 753 715 780 e
747 739 911 793 templo
945 753 1095 794 genus,

174 799 234 840 Et
264 798 362 840 inde
394 798 519 840 uobis
551 798 747 839 nomina:

114 857 213 899 Tibi
244 856 443 898 Paterae:
477 857 537 897 sic
568 856 790 898 ministros
823 859 1071 910 nuncupant

174 915 448 971 Apollinares
481 915 664 969 mystici.

113 974 258 1016 Fratri
289 974 489 1028 patrique
521 988 679 1015 nomen
712 989 737 1015 a
769 972 945 1015 Phoebo
979 973 1126 1015 datum

172 1033 374 1087 Natoque
406 1033 457 1073 de
489 1032 669 1086 Delphis
701 1034 790 1074 tuo.

114 1092 325 1133 Doctrina
355 1091 465 1132 nulli
496 1093 618 1132 tanta
649 1091 695 1132 in
727 1091 803 1132 illo
835 1093 1029 1146 tempore

175 1149 423 1204 Cursusque
454 1152 521 1191 tot
551 1149 672 1190 fandi
704 1152 746 1190 et
777 1152 918 1191 rotae:

113 1209 297 1262 Memor,
331 1208 533 1262 disertus,
565 1208 705 1249 lucida
736 1208 956 1261 facundia,

175 1267 359 1321 Canore,
392 1267 510 1309 cultu
541 1267 779 1321 praeditus,

117 1325 289 1368 Salibus
321 1326 541 1367 modestus
573 1325 673 1366 felle
706 1325 826 1368 nullo
860 1326 1048 1380 perlitis,

175 1384 278 1426 Vini
310 1384 480 1439 cibique
513 1384 769 1438 abstemius,

115 1443 294 1495 Laetus,
326 1443 521 1498 pudicus,
551 1443 745 1497 pulcher,
777 1443 822 1484 in
855 1443 973 1485 senio
1006 1457 1172 1498 quoque

175 1502 358 1556 Aquilae
393 1505 442 1543 ut
475 1504 669 1543 senectus
704 1503 779 1543 aut
810 1502 918 1556 equi.

1361 809 1401 839 10

1362 1102 1403 1132 15

1360 1394 1404 1425 ‘20

152 1640 222 1675 IIII
260 1653 371 1675 PATER
409 1640 443 1674 V
470 1640 535 1675 del.
575 1639 724 1675 Vinetus
757 1641 762 1684 Ι
796 1653 934 1675 nemon
973 1640 1006 1674 V
1043 1641 1046 1685 Ι
1089 1641 1206 1675 metro
1244 1640 1404 1675 iambico

58 1687 177 1723 maior
207 1687 352 1722 senario
385 1686 505 1722 minor
537 1688 771 1730 quaternario
797 1689 843 1722 al.
871 1699 984 1733 mary.
1019 1687 1053 1721 V
1172 1691 1190 1721 1
1217 1687 1346 1723 doctos
1377 1688 1412 1722 V

59 1745 150 1770 corr.
184 1735 336 1770 Vinctus
433 1738 453 1769 5
479 1736 637 1768 maeste:
665 1745 683 1768 e
710 1735 794 1770 add.
820 1735 868 1770 al.
902 1735 937 1769 V
1030 1739 1049 1769 6
1076 1733 1263 1769 rhetorum
1297 1734 1331 1768 V

61 1797 80 1827 7
106 1792 303 1839 bagocassi
335 1793 367 1827 V
391 1803 482 1827 corr.
512 1792 685 1827 Pithoeus
711 1792 915 1827 Baiocassis
947 1793 1096 1828 Vinctus
1191 1798 1212 1828 8
1239 1783 1336 1828 fam-‘i
1375 1791 1409 1824 Γ

109 1843 151 1874 11
188 1837 239 1874 sic
265 1840 439 1885 Luydun.
480 1838 511 1873 si
547 1838 582 1873 V
675 1843 716 1873 12
756 1839 973 1885 apollinaris
1004 1839 1038 1874 V
1071 1851 1160 1876 corr.
1193 1840 1371 1875 Heinsius
1400 1841 1403 1883 Ι

59 1886 199 1922 mistici
223 1886 256 1921 V
372 1890 414 1921 13
446 1885 535 1921 fatri
566 1885 600 1920 V
621 1897 711 1922 corr.
740 1887 913 1933 Luycluu.
1026 1891 1068 1921 14
1095 1898 1187 1930 quae
1223 1887 1257 1921 V

1363 1890 1405 1920 16

1375 1942 1394 1958 V

60 1980 262 2013 cursusque
294 1967 442 2004 rotandi
476 1969 513 2003 et
538 1969 621 2003 rota.
652 1968 686 2003 V
707 1980 797 2004 corr.
825 1968 986 2015 Scaliyer
1011 1973 1043 2013 1,
1069 1973 1092 2004 9
1192 1973 1232 2003 17
1261 1968 1407 2004 disertis

60 2028 97 2071 (v
123 2028 185 2071 al.)
220 2027 254 2061 V
374 2030 416 2061 18
445 2037 568 2061 carere
603 2027 636 2061 V
665 2038 754 2063 corr.
783 2028 946 2072 Scaligyer
971 2031 1004 2070 1,
1031 2030 1054 2063 9
1089 2028 1093 2071 Ι
1127 2018 1229 2062 cultri
1261 2027 1295 2061 V
1315 2039 1405 2063 corr.

59 2074 234 2119 Luydzm.
320 2078 361 2108 19
389 2073 519 2108 salibufl
542 2075 600 2118 (us
628 2075 689 2119 αῖ.)
721 2075 756 2109 V
841 2079 884 2109 21
913 2084 1057 2119 quoque
1083 2075 1125 2108 ut
1151 2076 1204 2115 (ut
1230 2075 1279 2109 al.
1304 2076 1404 2118 add.)

69 2121 104 2155 V
197 2125 241 2156 22
265 2120 434 2166 Μὰεμιῦθ
463 2122 517 2165 (ut
544 2132 644 2165 eras„
673 2121 697 2157 ὰ
724 2123 770 2157 al.
798 2133 841 2157 ea·
868 2123 903 2166 a)
940 2121 970 2155 V
993 2132 1081 2157 corr.
1110 2121 1308 2157 LMueller.
