1563 2511
532 118 585 123 ·-—
649 106 837 136 LXXXXV
902 120 949 124 -

70 200 156 242 364
187 202 285 254 post
319 199 372 240 15
405 198 526 240 Febr.
589 199 831 241 Iouianus
864 201 1100 254 imperator
1132 202 1324 244 moritur.

188 258 307 299 Febr.
328 258 395 300 26.
439 257 843 300 Valentinianus
865 257 924 315 (I)
951 260 1194 315 imperator,
1221 260 1414 303 Valens

185 315 408 371 Augustus
442 322 640 365 (Ammian.
656 323 776 358 XXVI
793 328 809 358 1
825 336 903 368 sqq.
931 324 1092 369 Epitom.
1109 326 1178 367 45).
1213 326 1257 361 cle
1278 326 1413 361 seueri-

185 375 263 409 tate
283 373 398 408 nimia
418 373 653 418 imperatoris
673 373 748 408 uid.
770 373 953 411 Ammian.
974 374 1145 409 XXVIIII
1160 381 1191 419 3,
1207 381 1237 411 2.
1265 376 1366 412 XXX
1381 381 1412 412 8.

186 421 354 512 {pttfffd
376 423 439 465 45,
467 425 498 456 6.
537 422 686 456 Hieron.
720 422 767 455 ad
792 433 824 456 a.
852 425 954 457 2381.
994 422 1129 457 Auson.
1158 422 1258 458 Grat.
1286 425 1366 460 Act.
1394 429 1414 458 2

68 543 101 571 c.
128 529 214 570 364
251 529 380 582 paulo
418 531 518 583 post
549 528 810 570 Ausonius
850 529 1031 584 triginta
1069 545 1145 584 per
1177 545 1310 572 annos
1344 531 1414 573 (lo-

185 587 306 629 cendi
344 602 518 628 munere
557 587 727 629 functus
767 594 902 635 <Pi-aes.
929 595 945 628 Ι
973 594 1030 635 23)
1056 606 1131 629 non
1156 599 1310 641 propter
1337 608 1414 631 ear-

185 644 325 679 minum
363 644 519 687 famam,
559 655 652 688 quae
690 645 794 678 nulla
827 646 913 680 ante
946 646 1014 680 hoc
1047 646 1193 690 tempus
1228 646 1416 692 emiserat,

187 691 249 727 sed
295 693 337 725 ut
378 691 527 726 scholae
567 691 847 735 Burdigalensis
886 691 1145 727 celeberrimus
1183 696 1414 739 praeceptor,

188 756 212 782 a
251 740 556 782 Valentiniano
595 741 638 781 in
676 741 884 794 palatium
925 742 1185 783 Treuerense
1225 748 1415 797 uocatur,

184 802 232 841 ut
265 798 519 840 Gratianum
559 801 858 854 grammatica,
895 815 994 842 mox
1034 802 1165 842 etiam
1199 801 1415 843 rhetorica

186 859 428 900 institueret
460 864 594 899 OEraef.
622 865 637 898 I
663 866 733 900 26).

185 928 517 970 Valentinianus
544 929 654 970 inter
673 929 934 984 religionum
956 930 1226 972 diuersitates
1248 931 1411 973 medius

186 988 304 1028 stetit
323 1002 401 1029 nec
422 1002 678 1042 quemquam
700 988 969 1042 inquietauit.
1010 995 1194 1030 Ammian.
1216 996 1318 1030 XXX
1339 1001 1371 1040 9,
1394 1001 1414 1031 5

188 1044 231 1079 cf.
259 1043 425 1079 Zosimus
452 1044 519 1078 IIII
547 1049 578 1079 3.

67 1110 158 1146 ante
185 1121 218 1146 a.
242 1110 324 1147 364
357 1108 600 1157 Burdigalae
622 1109 771 1157 scripta
790 1109 980 1147 uidentur
1000 1123 1046 1147 ea
1065 1111 1416 1160 epigrammata

186 1167 329 1217 quibus
361 1168 563 1205 Ausonius
601 1167 748 1205 inludit
783 1168 1057 1217 grammaticis
1096 1171 1135 1207 et
1173 1170 1414 1219 rhetoribus,

184 1239 215 1264 e.
247 1240 284 1276 g.
318 1239 381 1275 ep.
413 1228 566 1275 6—13,
602 1227 656 1264 60
683 1228 729 1264 et
757 1227 825 1265 61.
869 1239 933 1276 ep.
964 1229 1017 1265 34
1051 1228 1101 1266 ad
1133 1227 1291 1266 Gallam
1323 1230 1414 1266 ante

183 1287 319 1323 natam
353 1285 536 1323 Gratiani
575 1297 749 1323 sororem
782 1286 1056 1335 cognominem
1088 1287 1293 1336 scripsisse
1326 1300 1416 1325 eum

185 1345 505 1382 consentaneum.

66 1411 152 1453 366
187 1410 468 1453 Gratianus
503 1412 652 1453 consul
684 1411 714 1453 Ι.

65 1487 157 1522 ante
185 1498 218 1524 a.
246 1487 327 1524 367
375 1485 657 1535 Ephemeris
679 1486 921 1535 Burdigalae
949 1486 1106 1534 scripta,
1133 1500 1210 1536 quo
1236 1489 1414 1536 tempore

183 1544 397 1582 Paulinum
422 1544 671 1593 instituebat,
705 1545 772 1593 qui
797 1547 938 1594 postea
964 1544 1193 1583 Orationem
1218 1546 1260 1583 in
1286 1547 1414 1595 Ephe-

183 1603 332 1641 meride
363 1603 537 1652 positam
568 1603 748 1641 imitatus
782 1606 859 1653 est3
898 1604 1039 1653 palatii
1069 1604 1181 1642 nulla
1211 1605 1253 1642 in
1283 1605 1413 1653 Ephe-

184 1662 332 1700 meride
364 1663 524 1700 mentio.

65 1728 149 1770 367
187 1728 244 1769 24
264 1727 373 1783 Aug.
408 1728 689 1770 Gratianus
711 1729 934 1784 Augustus
950 1730 1192 1771 declaratur
1213 1736 1413 1778 (Ammian.

182 1785 320 1820 XXVII
336 1790 368 1830 6,
386 1790 438 1821 16.
460 1785 620 1831 Epitom.
637 1790 693 1821 45.
715 1787 847 1821 Zosim.
863 1786 932 1820 IIII
947 1790 1000 1821 12.
1021 1787 1169 1822 Hieron.
1186 1787 1232 1822 ad
1247 1799 1278 1822 a.
1294 1789 1414 1831 2383).

66 1860 99 1886 a.
129 1850 211 1887 368
245 1849 295 1887 ad
325 1850 472 1887 festum
504 1851 707 1899 paschale:
745 1863 915 1888 uersus
946 1850 1222 1899 Paschales,
1255 1851 1295 1888 in
1328 1852 1413 1901 qui-

184 1909 257 1946 bus
302 1909 446 1957 multa,
491 1920 594 1960 quae
638 1909 680 1946 in
713 1907 900 1947 Oratione
946 1922 1068 1958 supra
1105 1912 1415 1948 commemorata

186 1967 410 2017 scripserat,
439 1967 586 2005 eisdem
605 1968 739 2006 uerbis
759 1969 967 2017 repetiuit,
1000 1968 1214 2018 eodemque
1236 1971 1413 2017 tempore

183 2026 314 2064 nescio
348 2039 398 2064 an
429 2027 570 2064 luserit
602 2027 869 2065 orationem
894 2027 1163 2076 rhopalicis
1189 2028 1414 2066 uersibus

185 2085 372 2134 scriptam
405 2087 464 2130 (cf.
492 2089 624 2124 Pasch.
652 2092 695 2123 25
721 2089 911 2134 geminum
943 2091 1044 2124 sator
1068 2089 1320 2134 Augustorum
1352 2090 1416 2133 qui

184 2138 336 2173 fratrem
363 2140 563 2183 natumque
590 2167 597 2175 .
625 2167 633 2174 .
662 2141 698 2183 .).

70 2198 303 2240 368—374
329 2199 636 2241 Ambrosius
658 2198 873 2254 (Treueris
900 2203 1027 2242 natus
1049 2215 1080 2242 c.
1102 2215 1136 2242 a.
1154 2200 1252 2253 340,
1275 2201 1414 2254 posito

186 2257 229 2298 in
268 2258 640 2300 administratione
673 2259 969 2312 praefecturae
1001 2258 1239 2300 Galliarum
1272 2256 1414 2313 patre)

186 2316 403 2369 professus
443 2318 486 2358 in
527 2317 738 2360 auditorio
778 2319 1074 2373 praefecturae
1113 2317 1318 2372 praetorii
1354 2317 1414 2357 ita
