1563 2511
615 97 667 102 -—
731 85 931 114 XXXXIIII
992 98 1050 102 —

153 179 189 220 d.
217 179 273 219 24
302 177 416 232 Sept.
448 178 571 219 1494.
604 178 813 233 rediitque
847 179 936 220 sine
969 179 1097 221 dubio
1132 180 1262 221 codex
1295 182 1394 235 post
1419 180 1501 222 Po-

152 238 293 278 litiani
331 240 513 278 mortem
545 236 763 279 Veronam
804 239 854 279 ad
897 253 990 279 eum
1031 239 1102 292 qui
1141 240 1500 282 commodauerat.

153 297 322 350 iamque
344 296 513 337 facilius
534 297 703 337 uidetur
721 298 1009 338 coniecturam
1030 298 1183 351 faeere,
1203 299 1314 338 unde
1335 300 1501 340 uenerit

152 355 262 396 liber
287 370 416 409 quam
450 370 532 409 quo
566 355 833 409 disparuerit.
884 371 984 396 nam
1011 356 1208 397 Veronae
1236 357 1368 398 fuisse
1398 358 1500 399 olim

153 415 198 454 in
236 414 500 456 bibliotheca
539 415 817 455 celeberrima
861 415 1036 468 capituli
1084 416 1177 469 quis
1222 430 1307 457 non
1351 417 1498 457 statim

154 472 422 526 suspicetur?
471 473 544 514 ubi
593 488 686 514 cum
732 474 898 528 integer
937 477 1072 527 esset,
1118 474 1356 516 Petrarcha'
1395 478 1500 530 puto

154 546 250 573 eum
266 532 588 573 describendum
604 532 770 573 curauit
785 536 859 573 aut
880 533 1138 586 descriptum
1156 547 1205 573 ex
1221 547 1268 574 eo
1285 535 1502 589 exemplar

155 591 276 644 emit,
309 591 420 645 quod
458 594 554 645 post
586 591 674 632 eius
706 594 886 632 mortem
914 592 957 632 in
988 592 1265 633 Tz‘oc'ozensz‘um
1297 594 1500 634 comitum
1538 611 1550 622 .

153 650 464 691 bibliothecam
486 649 672 691 transiit.
717 665 915 691 mancum
935 657 1084 704 postea
1106 653 1147 692 et
1171 653 1369 692 truncum
1391 652 1500 693 alius

155 709 325 762 quidam
356 709 496 750 nescio
526 724 608 764 quo
631 723 743 750 anno
770 710 1045 763 transcripsit
1065 710 1108 750 ni
1134 709 1263 750 fallor
1295 711 1336 750 in
1366 725 1502 751 exem-

153 767 249 822 plar
293 768 574 809 Harlee'cmum
613 768 748 821 26133
799 782 934 822 neque
993 769 1173 809 alterum
1222 768 1502 810 Harleianum

155 841 188 867 a.
224 827 332 867 1471
368 827 573 880 scriptum
604 826 800 867 Veronae
835 827 1022 868 alienum
1062 828 1115 868 ab
1155 842 1202 869 eo
1240 828 1504 870 crediderim.

153 900 253 926 nam
299 886 334 925 si
378 884 620 926 Ticinensis
659 886 767 926 liber
807 899 856 925 ex
894 885 1150 927 Petrarchae
1196 901 1342 928 museo
1382 887 1503 928 Vice-

154 945 359 985 eomitum
392 944 681 984 bibliothecae
718 959 750 985 c.
784 959 819 985 a.
858 945 969 985 1402
1003 946 1199 986 conditae
1233 945 1391 987 inlatus
1425 949 1503 1000 est,

154 1004 223 1057 qui
259 1003 349 1043 fieri
382 1003 541 1057 potuit,
582 1005 630 1043 ut
662 1003 736 1044 illo
771 1017 883 1044 anno
916 1003 1112 1045 Veronae
1147 1019 1269 1045 suum
1302 1005 1343 1045 in
1379 1020 1502 1046 usum

154 1062 413 1102 describeret
435 1060 677 1115 Stephanus
699 1062 770 1102 ille
793 1062 843 1102 de
863 1061 989 1103 Nouo
1012 1062 1189 1104 monte‘.>
1215 1077 1349 1118 neque
1376 1078 1501 1118 porro

154 1120 293 1161 aliena
324 1121 526 1161 uidentur
552 1120 831 1175 Pythagorici
865 1122 1125 1175 exemplaria
1158 1137 1285 1176 supra
1317 1137 1502 1164 comine-

156 1183 342 1232 morata,
377 1179 489 1233 quod
521 1182 748 1234 utrumque
787 1194 921 1234 prope
958 1180 1146 1221 Venetos
1189 1182 1332 1235 potius
1375 1197 1503 1236 quam

155 1238 293 1279 Ticini
327 1238 533 1292 scriptum
566 1238 747 1279 uidetur.
779 1263 828 1267 ——
860 1239 950 1293 ipse
985 1239 1134 1280 deinde
1166 1242 1363 1280 uetustus
1395 1241 1504 1282 liber

154 1296 419 1338 Florentiam
447 1297 664 1351 migrauit,
692 1297 765 1338 ubi
791 1298 1021 1338 uidendum
1048 1313 1149 1339 num
1170 1298 1379 1341 Antonius
1397 1299 1500 1341 Ber-

153 1357 292 1397 nerz'us
313 1356 535 1410 quaedam,
555 1371 662 1410 quae
683 1357 865 1397 maxime
887 1357 1135 1410 arriderent,
1156 1372 1205 1398 ex
1225 1372 1274 1398 eo
1296 1358 1503 1412 hauserit3

154 1418 255 1469 post
275 1415 459 1456 reditum
473 1416 615 1456 nescio
632 1430 685 1456 an
702 1416 927 1468 Auantius,
943 1430 1036 1456 eum
1053 1416 1233 1457 alteram
1254 1421 1426 1470 pararet
1441 1432 1503 1458 re—

155 1474 398 1515 censionem
427 1489 559 1524 suam,
586 1489 714 1528 quam
740 1474 937 1515 Venetiis
966 1490 1001 1515 a.
1031 1476 1141 1517 1507
1170 1475 1206 1516 d.
1227 1475 1313 1516 VII
1341 1476 1502 1531 Aprilis

154 1532 339 1574 Ioannes
373 1532 585 1574 Tacuinus
620 1533 669 1574 de
698 1533 873 1574 Tridino
901 1535 1055 1586 emisit,
1088 1549 1136 1575 eo
1163 1549 1264 1576 usus
1292 1535 1358 1576 sit.
1402 1550 1500 1576 nam

155 1592 191 1632 is
226 1592 286 1632 ait
317 1607 357 1645 p.
384 1591 485 1632 IIII:

251 1659 396 1704 „Quare
424 1672 506 1695 curn
533 1672 648 1705 nuper
674 1661 872 1705 repererim
901 1661 1044 1705 aliquot
1063 1662 1217 1696 Ausonii
1237 1662 1400 1696 earmina
1426 1661 1502 1696 diu

156 1708 201 1742 in
226 1709 318 1742 situ
337 1707 542 1742 iacentia
562 1709 599 1743 et
620 1708 709 1743 locis
728 1708 937 1753 plaerisque
958 1708 1281 1753 depraiiatissima:
1310 1721 1354 1744 ea
1373 1709 1502 1744 statim

158 1758 223 1799 (ne
250 1765 433 1799 prorsus
459 1755 678 1799 perirent)
707 1767 774 1799 pro
803 1755 941 1790 uiribus
968 1756 1168 1791 emendans
1193 1757 1428 1791 ref'ormaui.“

156 1843 264 1882 quae
302 1828 435 1868 uerba
476 1828 595 1869 nullo
634 1829 760 1869 modo
799 1829 1010 1883 pertinere
1052 1834 1234 1883 possunt
1270 1843 1407 1883 neque
1448 1829 1502 1870 ad

158 1886 427 1928 'ficinensem
465 1901 601 1941 neque
641 1887 692 1928 ad
731 1887 1020 1929 Harleianum.
1084 1887 1236 1942 Itaque
1271 1890 1365 1929 tota
1397 1888 1503 1929 haec

159 1946 354 1999 quaestio
388 1961 494 2000 quae
534 1947 590 1986 sit
620 1945 952 1987 Harleianorum
989 1962 1082 1988 cum
1123 1946 1354 2000 Ticinensi7
1394 1962 1501 2001 quae

158 2004 395 2045 Auantiani
429 2007 654 2046 contextus
687 2019 780 2047 cum
814 2006 879 2046 his
912 2007 1033 2047 libris
1067 2005 1326 2058 coniunctio,
1363 2005 1500 2047 denuo

157 2063 384 2104 tractanda
411 2064 509 2104 erit:
537 2079 615 2105 nos
642 2064 815 2105 interim
844 2065 902 2105 eis
924 2065 1116 2106 contenti
1144 2079 1235 2105 esse
1266 2064 1501 2118 debuimus,

158 2137 263 2176 quae
302 2121 539 2164 Vossianus
580 2123 631 2164 ad
669 2122 853 2164 Parisini
897 2124 1102 2165 lectiones
1150 2123 1360 2164 sanandas
1403 2138 1502 2177 sup-

158 2181 390 2235 peditabat.

247 2239 370 2280 Vnde
392 2242 534 2280 autem
561 2241 796 2294 pretiosum
824 2242 936 2282 hune
959 2242 1114 2282 librum
1135 2240 1408 2282 Veronenses
1427 2240 1502 2281 ha-

158 2299 348 2352 buerint,
381 2299 506 2340 facile
540 2303 604 2341 est
635 2300 690 2341 ad
723 2301 1028 2342 coniciendum.
1079 2300 1361 2342 Bobienses
1397 2300 1499 2341 olim
