1563 2511
556 79 604 85 —
670 67 815 96 LXXIII
876 79 934 85 -·

7 171 8 180 ³
68 160 92 203 f.
115 162 246 194 11”-511
271 157 458 194 Praefatio
481 160 517 193 et
536 158 680 193 Tabula
700 158 864 193 omnium
885 169 1036 203 operum
1058 169 1152 202 quae
1171 159 1211 194 in
1230 159 1301 194 hoc
1318 158 1414 193 libro

210 206 395 251 leguntur.

6 279 7 282 ,
67 255 93 297 f.
115 256 154 288 61
184 252 360 297 „Ausonii
390 252 516 297 peonii
546 253 681 297 poetae
714 251 948 287 disertissimi
983 253 1286 297 epigrammatffiv
1320 251 1416 287 liber

208 299 385 344 p1·imus“.

67 348 92 390 f.
114 346 445 391 491¹„Expliciunt
464 357 507 381 ea
520 345 677 381 Ausonii
696 345 918 390 fragmenta.
953 346 1055 388 Quae
1075 346 1260 392 inuidia*)
1281 348 1415 382 cuncta

209 393 420 473 corrodenz
438 394 605 428 uetustas
639 393 685 428 ad
716 404 848 429 manus
873 395 1020 429 nostras
1046 393 1172 429 uenire
1198 393 1377 440 permisit.
1409 394 1411 439 Ι

210 441 313 481 τέλος
335 442 478 487 Ι..
502 440 533 474 G
553 466 560 473 .
586 442 589 485 Ι

278 485 453 527 αὐσόνιος
478 487 620 522 fueram
647 487 763 522 solus·
790 490 861 522 νῦν
873 489 983 543 χείλε
1011 485 1049 522 τέ
1076 488 1200 533 κοσμῶ

348 533 512 593 Artificis
538 532 642 579 χειρὴ
671 531 747 569 ἐισί
767 533 806 570 τέ
834 531 898 569 noh
925 532 1056 579 φύσὲίς

280 580 394 617 Τοῦτ’
424 580 533 639 ἔργον
563 593 645 616 cum
671 581 794 626 prisca
820 584 933 626 queat
957 593 1137 617 renouare
1164 583 1347 617 uetustas:

348 629 440 663 Tum
467 627 551 669 νέος
577 628 741 673 antiquis
766 630 952 673 praeferet
977 629 1134 664 officiis.‘
1139 632 1147 647 ‘

66 693 301 744 sequuntur
341 705 365 731 a
402 689 430 731 f.
457 690 678 731 ὖΟῙ-θθῖε
723 689 866 731 Publii
906 690 1049 732 Ouidii
1084 689 1272 732 Nasonis
1305 688 1414 732 Con-

66 749 222 791 solatio
257 749 308 791 ad
334 749 504 790 Liuiam
532 749 776 803 Augustam
810 749 860 790 de
891 751 1029 791 morte
1056 748 1216 803 Drusii‚
1248 749 1414 790 Probae

66 806 282 850 Centonae
322 810 566 862 excerptum
598 822 619 849 e
652 807 841 849 Maronis
878 808 1156 863 carminibus,
1194 808 1282 849 Titi
1315 807 1412 849 Cal-

62 867 235 921 phurnii
285 867 407 908 siculi
457 867 699 908 bucolicum
750 882 938 920 carmen,
993 867 1136 908 Publii
1187 866 1414 920 Graegorii

64 925 226 967 Tiferni
275 926 458 980 hymnus
508 926 554 967 in
603 926 854 967 trinitatem.
911 926 996 969 uid.
1045 926 1200 980 Peiper
1243 926 1413 968 Ueberl.

63 1000 100 1038 p.
125 984 207 1026 195
224 999 314 1039 sqq.
340 1009 388 1014 —
412 984 576 1026 Graeca
605 987 753 1026 extant
779 985 824 1026 in
845 984 884 1026 G
910 985 1054 1026 omnia
1074 988 1244 1039 praeter
1264 998 1413 1038 pauca,

64 1058 173 1098 quae
205 1044 250 1084 in
282 1043 420 1098 Epist.
447 1043 554 1085 VIII
575 1041 680 1099 (XII)
714 1043 906 1085 Tilianus
940 1059 1106 1099 quoque
1141 1044 1297 1085 omisit.

153 1101 486 1144 Vindobonense
515 1103 746 1158 exemplar,
779 1117 861 1157 quo
888 1117 988 1144 usus
1017 1118 1123 1157 sum,
1148 1104 1286 1157 primo
1307 1102 1412 1143 folio

62 1161 318 1202 destitutum
363 1164 446 1214 est,
486 1161 531 1202 in
571 1177 654 1216 quo
693 1161 904 1215 praefatio
943 1161 1121 1203 editoris
1161 1164 1270 1215 erat,
1311 1161 1413 1202 duo-

63 1219 227 1274 busque
266 1235 316 1261 ex
349 1220 593 1262 Gratiarum
634 1221 802 1262 actione
840 1218 1043 1276 (alterum
1082 1221 1195 1262 inter
1226 1221 1254 1262 f.
1281 1221 1336 1261 29
1372 1222 1415 1261 et

63 1279 130 1333 30,
164 1280 346 1321 alterum
376 1279 489 1320 inter
515 1280 542 1320 f.
569 1279 624 1321 33
653 1282 695 1321 et
721 1279 778 1321 34
804 1299 859 1312 =
885 1294 954 1321 un.
978 1280 1209 1322 125—200
1235 1278 1414 1335 maluult

63 1362 117 1367 --
150 1338 438 1393 paucissimis,
476 1354 545 1380 uu.
577 1338 812 1380 495—570
851 1341 893 1379 et
930 1338 1177 1381 Antoninus
1208 1363 1266 1368 —
1299 1337 1414 1390 cibi).

64 1396 266 1438 damnum
292 1397 495 1439 resarcire
522 1398 665 1438 studui
687 1398 858 1440 conlato
878 1398 940 1439 ibi
960 1397 1147 1439 Ferrarii
1165 1400 1287 1439 textu
1307 1417 1362 1431 =
1381 1397 1412 1449 f.
1437 1399 1461 1442 f

268 1457 525 1498 Harleiamts
543 1458 660 1499 2578
685 1457 818 1498 chart.
844 1457 933 1498 foll.
953 1457 1037 1498 301
1067 1472 1097 1499 s.
1117 1456 1200 1498 XV
1227 1471 1287 1498 ex,
1316 1470 1412 1498 scr.:

180 1515 224 1555 in
239 1529 286 1556 eo
300 1518 401 1569 post
414 1515 535 1556 uaria
549 1530 692 1569 opera,
705 1517 751 1557 in
766 1515 921 1570 quibus
937 1514 1191 1570 Calphurnii
1205 1516 1412 1570 bucolica,

182 1577 381 1615 secuntur
410 1574 439 1616 f.
468 1574 722 1616 169—24811
753 1575 935 1616 Ausonii
974 1576 1180 1628 opuscula
1218 1590 1314 1616 cum
1351 1575 1412 1615 in-

180 1633 346 1674 dicibus
371 1633 621 1687 praemissis
648 1634 863 1689 descripta
889 1649 938 1675 ex
965 1634 1027 1675 ed.
1052 1634 1247 1688 principe
1270 1633 1413 1674 Girar-

180 1691 287 1746 dini3
333 1693 491 1735 subscr,
545 1696 648 1740 „Hec
687 1698 772 1731 sunt
809 1707 853 1731 ea
883 1696 1038 1731 Ausonii
1072 1696 1283 1741 fragmenta
1317 1707 1414 1741 quae

180 1750 265 1783 sunt
295 1748 435 1793 scripta
466 1750 503 1783 in
536 1748 725 1784 codicibus
750 1749 952 1794 impressis,
997 1750 1129 1794 quibus
1157 1749 1313 1794 apposui
1338 1749 1414 1784 alia

181 1796 339 1840 quedam
360 1796 523 1831 eiusdem
545 1807 639 1841 quae
658 1796 834 1840 leguntur
853 1796 892 1830 in
911 1797 1060 1831 uetusto
1082 1797 1208 1831 codice
1224 1808 1267 1831 ex
1281 1796 1413 1831 biblio-

178 1849 289 1883 theca
320 1849 398 1883 diui
430 1847 546 1884 marci
577 1848 809 1890 florentiae“;
847 1859 897 1886 ea
934 1849 1034 1887 sunt
1069 1861 1093 1887 a
1123 1845 1151 1889 f.
1179 1846 1413 1887 249—260

177 1902 395 1945 Mosella
437 1918 532 1944 cum
572 1902 820 1957 Symmachi
863 1904 1046 1958 epistula
1085 1907 1126 1946 et
1166 1903 1413 1946 Caesares

181 1965 366 2004 monost.
397 1966 440 2003 et
471 1964 637 2004 tetrast.
663 1963 821 2017 1—803
855 1963 969 2004 haud
1002 1964 1129 2004 dubie
1163 1978 1213 2004 ex
1233 1963 1413 2018 Maglia-

179 2020 414 2063 becchiano
442 2021 646 2075 descripti
674 2018 767 2077 (sed
793 2022 930 2063 multo
957 2022 1258 2077 neglegentius
1285 2037 1412 2076 quam

179 2079 224 2120 in
256 2080 318 2135 λ),
364 2095 414 2121 ex
459 2094 541 2135 quo
582 2080 712 2121 etiam
750 2080 955 2122 lectiones
994 2081 1272 2136 depromptae
1313 2083 1413 2122 sunt

178 2138 293 2179 haud
348 2153 446 2180 raro
497 2140 580 2181 litt.
631 2140 683 2180 al.
736 2139 829 2180 add.
879 2139 924 2180 in
974 2140 1170 2195 margine
1220 2140 1412 2194 priorum

180 2199 482 2252 opusculorum
515 2198 716 2239 adiectae.
773 2199 985 2240 clauditur
1017 2213 1174 2254 agmen
1203 2198 1412 2241 Ausonia-

156 2288 188 2334 *)
217 2290 286 2335 sie,
313 2290 377 2325 sed
402 2290 441 2325 in
464 2290 595 2325 tabula
620 2289 826 2334 praemissa
852 2292 952 2326 recte
978 2290 1117 2336 legitur
1143 2290 1281 2326 inuida.
