1563 2511
635 57 954 98 —287—

119 162 412 216 Pythagoram
446 160 638 201 docuisse
670 161 812 202 refert.
874 175 970 202 cum
1003 162 1139 202 multa
1171 162 1370 217 loquaces

119 220 349 274 Ambiguis
383 222 571 260 sererent
601 220 763 272 uerbis,
796 221 945 260 contra
977 220 1123 261 omnia
1156 221 1295 262 solum
1421 232 1466 263 40

119 279 216 329 Est,
248 278 553 332 respondebat,
585 278 654 319 uel
685 277 797 319 Non.
860 292 883 318 0
916 281 1034 318 certa
1065 279 1268 333 loquendi

118 337 302 392 Regula!
336 351 438 377 nam
468 336 640 377 breuius
672 336 783 377 nihil
816 339 882 377 est
914 339 957 377 et
986 337 1154 390 plenius
1186 338 1300 392 istis,

120 395 236 444 Quae
269 396 440 436 firmata
471 396 658 448 probant
690 397 764 435 aut
795 395 1014 435 infirmata
1045 395 1241 437 relidunt.

118 454 258 495 Nemo
291 454 421 495 silens
454 453 633 508 placuit,
665 454 791 494 multi
824 453 1036 494 breuitate
1068 454 1282 508 loquendi.

118 513 280 554 Verum
314 526 392 566 ego
426 527 508 566 quo
542 512 675 553 stulte
707 512 866 553 dudum
898 512 1092 566 spatiosa
1123 514 1291 554 locutus
1421 525 1466 555 45

118 570 366 612 Prouehor‘?
397 573 445 611 ut
477 571 645 612 diuersa
677 570 759 611 sibi
791 571 1015 625 uicinaque
1048 571 1174 625 culpa
1207 573 1288 612 est!

118 629 256 671 Multa
288 630 466 683 loquens
500 635 542 670 et
573 632 727 671 cuncta
759 629 890 671 silens
922 644 1008 670 non
1041 630 1168 671 ambo
1201 630 1436 683 placemus:

117 688 208 730 Nec
239 703 415 742 possum
446 689 644 742 reticere,
676 688 825 743 iugum
858 688 972 743 quod
1003 688 1140 729 libera
1170 703 1406 743 numquam

117 747 218 788 Fert
248 747 385 801 pietas
417 761 494 789 nec
526 750 644 789 amat
674 747 844 788 blandis
876 750 1136 800 postponere
1169 761 1330 789 uerum.

118 806 317 859 Vertisti,
349 805 546 858 Pauline,
577 808 676 847 tuos
708 806 959 847 dulcissime
993 805 1162 846 mores?
1418 816 1461 848 50

119 864 329 905 Vasconis
362 864 444 906 hoc
476 865 611 906 saltus
646 866 688 905 et
719 864 927 919 ninguida
958 864 1171 917 Pyrenaei

119 922 322 977 Hospitia
354 926 397 963 et
427 924 566 964 nostri
597 923 704 964 facit
734 923 815 964 hoc
849 923 1010 964 obliuio
1045 923 1183 964 caeli?

118 981 316 1035 Inprecer
349 996 399 1022 ex
431 982 584 1023 merito
618 982 719 1036 quid
750 996 838 1023 non
869 981 968 1034 tibi,
1000 980 1182 1022 Hiberia
1212 982 1360 1023 tellus!

119 1040 178 1080 Te
211 1040 422 1094 populent
452 1040 604 1094 Poeni,
635 1044 677 1082 te
709 1040 894 1094 perfidus
926 1039 1147 1081 Hannibal
1179 1044 1294 1094 urat3

118 1098 179 1139 Te
212 1099 315 1140 belli
348 1099 489 1140 sedem
522 1101 692 1153 repetat
724 1098 940 1141 Sertorius
974 1099 1083 1140 exul.
1424 1110 1467 1140 55

213 1252 257 1283 39
284 1249 549 1295 pythagoram]
576 1248 610 1283 T
629 1249 702 1293 pit·
728 1250 786 1283 uel
810 1248 892 1303 pyt·
913 1261 937 1282 α
964 1248 1233 1293 posthagoram
1252 1250 1292 1283 Π
1315 1248 1420 1293 phyt.
1443 1249 1470 1283 S

117 1307 211 1352 phit.
231 1307 268 1341 B
290 1308 294 1350 Ι
317 1307 503 1352 docuisse]
530 1307 697 1352 potuisse
724 1309 765 1341 Π
783 1307 788 1352 Ι
820 1308 890 1342 cufi
916 1307 963 1342 Vl
986 1309 991 1350 Ι
1020 1307 1139 1342 multo
1166 1307 1215 1342 Vl
1243 1308 1250 1351 [
1275 1307 1469 1353 loquaces]

117 1355 203 1389 ema
228 1353 311 1389 solu
337 1355 447 1399 (quod
471 1365 537 1389 suo
563 1355 637 1389 loco
662 1366 698 1389 u.
720 1357 768 1389 40
792 1355 981 1398 repetitur)
1008 1355 1049 1387 Π
1130 1358 1175 1388 40
1201 1354 1388 1399 amuiguis
1421 1354 1470 1389 V¹

117 1412 284 1456 ambigui
309 1413 346 1447 B
369 1414 373 1456 ι
396 1403 535 1449 sereret
567 1413 624 1456 V!
648 1413 800 1447 soluunt
825 1413 862 1448 B
957 1416 1001 1446 41
1030 1411 1114 1458 Est]
1141 1412 1190 1447 Et
1217 1412 1289 1447 ΡΒ
1310 1415 1314 1456 1
1337 1413 1469 1447 rende-

116 1459 184 1493 bat
211 1459 247 1493 P
276 1461 280 1502 Ι
322 1461 430 1504 cepta
464 1460 511 1494 Vl
550 1461 664 1503 ceRta
696 1459 745 1494 V2
841 1463 885 1494 42
912 1470 978 1494 om.
1006 1459 1043 1493 P
1079 1460 1084 1502 Ι
1124 1460 1225 1505 nam]
1253 1471 1341 1494 nam
1368 1459 1472 1504 pleni

118 1506 233 1551 (pleni
257 1507 381 1541 statim
406 1507 488 1551 del.)
517 1507 575 1550 ΤΙ
608 1507 756 1542 ureuius
787 1506 833 1541 V1
862 1511 866 1546 Ι
901 1506 992 1540 nicil
1023 1506 1086 1550 Vl
1121 1507 1173 1552 et]
1200 1518 1268 1541 nec
1301 1504 1470 1552 Vyoletus

116 1571 198 1609 cum
224 1565 363 1610 aliquot
387 1566 546 1600 nouiciis
571 1566 676 1600 libris
778 1569 823 1600 43
849 1565 1007 1610 probant
1031 1567 1071 1598 Π
1090 1565 1095 1610 Ι
1127 1556 1266 1600 relidiit
1297 1565 1333 1599 V
1425 1569 1471 1599 44

171 1620 192 1637 n

118 1646 206 1681 siles
237 1647 272 1681 V
301 1647 331 1682 si
356 1647 442 1682 lono
465 1647 501 1681 P
533 1649 537 1690 Ι
572 1647 691 1682 multa
712 1647 745 1681 T
777 1647 781 1693 Ι
816 1647 1000 1682 urebitate
1027 1649 1065 1691 (u
1089 1648 1132 1682 in
1156 1659 1180 1681 v
1205 1649 1312 1691 corr.)
1344 1647 1380 1681 V

117 1696 163 1728 45
189 1704 318 1728 uerum
338 1706 372 1738 q,
393 1705 462 1739 ego
489 1695 589 1738 quod
612 1695 648 1728 P
674 1695 678 1738 Ι
713 1706 802 1739 ergo
823 1697 860 1728 Π
887 1696 891 1737 Ι
927 1694 1027 1738 quod
1046 1707 1070 1728 α
1097 1695 1205 1738 (quot
1228 1694 1290 1739 Vl)
1318 1705 1391 1738 quo
1413 1697 1435 1742 β
1463 1695 1466 1741 Ι

119 1741 234 1788 stulte
268 1741 314 1775 Vl
341 1741 466 1776 stultae
492 1741 521 1776 S
546 1741 662 1776 stulto
691 1741 752 1779 ΡΙ
774 1742 952 1785 loquutus
979 1741 1014 1775 V
1034 1740 1185 1785 loqutus
1204 1740 1241 1775 B
1313 1746 1359 1776 46
1386 1753 1471 1786 pro—

117 1798 209 1822 ueor
230 1788 262 1822 V
284 1788 469 1833 prouehar
491 1788 523 1822 T
542 1789 547 1833 Ι
570 1788 704 1837 ᾶίεέεει
722 1788 757 1823 V
774 1788 778 1834 Ι
802 1787 968 1824 diuersas
984 1788 1021 1822 P
1038 1792 1043 1830 Ι
1066 1787 1137 1822 sibi
1157 1799 1223 1823 om.
1240 1788 1277 1822 P
1300 1787 1372 1823 siui
1393 1788 1440 1822 Vl
1465 1816 1466 1833 Ι

119 1846 246 1890 culpa:
274 1857 297 1880 a
321 1858 365 1882 ex
390 1858 409 1881 e
435 1849 488 1881 ΠΒ
560 1851 605 1882 47
632 1858 697 1882 om.
731 1847 767 1882 V
836 1851 881 1882 48
914 1847 1028 1893 quod]
1063 1846 1122 1890 qvi
1154 1846 1203 1881 Vl
1227 1851 1253 1891 f}
1277 1847 1341 1892 ΒΙ
1375 1858 1467 1882 nun-

119 1904 232 1966 qgjam
259 1893 294 1927 T
380 1898 425 1928 49
451 1894 527 1929 fere
555 1895 592 1929 P
612 1894 698 1940 ferst
724 1895 751 1938 (i
776 1895 891 1938 eraso)
916 1896 956 1929 H
976 1895 981 1939 Ι
1003 1897 1229 1939 postponere
1256 1896 1337 1939 (pos
1364 1894 1428 1940 V1)
1448 1908 1471 1928 α

180 1948 193 1966 Β

118 1975 334 2020 quodpofire
361 1976 474 2020 (quod
499 1976 582 2020 del.)
608 1976 637 2010 S
673 1977 857 2021 deponere
883 1976 1007 2011 ΠΒΤ
1101 1980 1147 2011 50
1200 1975 1342 2012 auline:
1375 1976 1403 2010 li
1429 1987 1472 2011 ecc

119 2033 210 2058 corr.
232 2024 285 2056 Hs
357 2027 401 2058 51
428 2034 607 2058 uascones
634 2023 670 2057 P
690 2023 864 2058 uasconei
883 2026 923 2058 Π
945 2034 1128 2059 uasconus
1150 1988 1197 2058 HR*
1219 2026 1223 2067 Ι
1251 2024 1322 2058 hoc
1348 2033 1413 2059 om.
1436 2026 1474 2057 Π

122 2068 127 2114 Ι
157 2069 312 2114 niguida
336 2072 376 2104 Π
395 2071 401 2114 Ι
427 2070 572 2115 pirenei
603 2070 639 2105 V
659 2071 810 2115 perenei
836 2073 875 2105 H
896 2071 1041 2115 pyrinei
1066 2070 1095 2105 S
1118 2070 1267 2116 prinnei
1292 2071 1329 2106 B
1426 2073 1468 2104 52

119 2116 329 2161 hospiciam
357 2119 408 2162 (m
433 2119 540 2160 eras.)
567 2117 621 2152 Π1
644 2119 649 2161 Ι
671 2117 779 2164 facit]
807 2117 912 2153 faci&
935 2117 964 2153 S
986 2118 990 2163 Ι
1014 2117 1155 2153 oblibio
1188 2117 1235 2153 1⁷¹
1332 2120 1377 2152 53
1402 2116 1471 2150 im-

120 2173 250 2208 precer
278 2164 312 2198 T
330 2165 336 2208 Ι
359 2164 419 2210 ex]
447 2165 485 2199 et
503 2164 584 2200 BT
603 2167 607 2210 Ι
630 2164 754 2200 meriti
778 2168 820 2200 ut
844 2166 920 2200 uid.
946 2165 992 2199 V¹
1016 2167 1021 2209 Ι
1043 2165 1175 2200 hibera
1194 2164 1264 2199 SB
1287 2165 1291 2207 Ι
1313 2163 1414 2198 tellis
1435 2166 1472 2197 H

120 2217 342 2315 te1]}sb{lla
365 2237 411 2315 ἒξ
436 2235 566 2280 populi
591 2234 628 2270 Β
648 2234 655 2280 Ι
676 2220 766 2280 pSni.
796 2236 831 2270 V
852 2235 941 2283 peni
969 2235 1003 2269 T
1025 2235 1113 2280 peni
1131 2235 1167 2269 B
1189 2235 1194 2280 Ι
1217 2233 1367 2269 annibal
1394 2233 1471 2268 VH
