1563 2511
634 73 956 114 —131—

115 177 206 219 Nec
239 179 392 218 coeunt
422 176 570 229 rictus,
602 176 781 218 haustas
808 178 880 218 sed
913 178 1103 220 hiatibus
1138 195 1261 222 auras
1396 193 1463 224 265

115 235 271 277 Reddit
303 235 547 276 mortiferos
581 236 778 289 expirans
812 236 1019 278 branchia
1051 238 1189 280 flatus.

115 294 202 348 Sic,
233 293 308 335 ubi
339 293 515 335 fabriles
549 296 716 335 exercet
749 294 925 348 spiritus
958 295 1097 350 ignes,

113 353 286 407 Accipit
318 353 484 394 alterno
518 351 771 407 cohibetque
804 353 1012 395 foramine
1044 358 1195 396 uentos

113 411 258 454 Lanea
287 411 468 467 fagineis
504 411 709 452 adludens
741 427 892 466 parma
925 413 1129 454 cauernis.

114 470 215 512 Vidi
248 472 421 526 egomet
451 470 659 524 quosdam
691 470 767 511 leti
800 471 878 512 sub
911 471 994 512 fine
1026 474 1259 513 trementes
1393 485 1461 517 270

114 528 347 584 Collegisse
381 529 564 583 animas,
596 543 695 570 mox
727 529 772 570 in
805 529 986 570 sublime
1018 531 1171 572 citatos

114 587 284 630 Cernua
317 587 554 629 subiectum
587 602 790 642 praeceps
823 588 923 629 dare
957 603 1137 643 corpora
1167 589 1212 630 in
1245 605 1433 645 amnem,

112 647 450 702 Desperatarum
481 646 695 701 potientes
729 662 876 688 rursus
911 662 1129 702 aquarum.

113 705 227 755 Quos
260 706 401 760 impos
433 705 576 746 damni
607 720 714 760 puer
745 706 1014 748 inconsultus
1047 707 1100 748 ab
1135 707 1223 749 alto

110 763 289 820 Impetit
320 767 362 805 et
394 764 549 805 stolido
584 767 729 819 captat
760 779 961 820 prensare
993 768 1154 807 natatu.
1391 778 1458 809 275

112 822 181 865 Sic
212 823 513 865 Anthedonius
545 822 728 865 Boeotia
758 838 834 878 per
865 824 975 865 freta
1008 824 1211 879 Glaucus,

111 881 319 924 Gramina
352 884 530 937 gustatu
560 884 791 937 postquam
824 883 1017 924 exitialia
1050 882 1193 924 Circes

110 941 324 995 Expertus
359 944 529 996 carptas
561 941 830 983 moribundis
862 942 1051 996 piscibus
1084 942 1239 984 herbas

112 999 322 1055 Sumpsit,
355 999 635 1054 Carpathium
669 1000 801 1042 subiit
831 1015 968 1042 nouus
1003 1002 1147 1042 accola
1178 1004 1370 1055 pontum.

108 1058 187 1100 Ille
218 1059 358 1100 hamis
392 1062 434 1100 et
464 1062 554 1100 rete
585 1061 758 1114 potens,
791 1061 1005 1101 scrutator
1037 1060 1175 1114 operti
1389 1072 1458 1103 280

108 1117 292 1172 Nereos,
325 1132 582 1172 aequoream
615 1118 768 1159 solitus
801 1132 1050 1160 conuerrere
1083 1118 1275 1173 Tethyn,

108 1176 227 1218 Inter
259 1176 452 1230 captiuas
485 1176 674 1218 fluitauit
703 1177 863 1231 praedo
897 1179 1104 1218 cateruas.

109 1235 231 1277 Talia
263 1235 515 1289 despectant
540 1235 670 1290 longo
703 1250 779 1290 per
811 1236 981 1277 caerula
1013 1238 1153 1277 tractu

107 1293 345 1336 Pendentes
379 1295 494 1336 saxis
525 1294 707 1336 instanti
739 1294 923 1336 culmine
956 1295 1102 1346 uillae,

107 1353 222 1403 Quas
258 1353 423 1395 medius
456 1352 620 1394 dirimit
654 1354 840 1395 sinuosis
873 1354 1053 1395 flexibus
1088 1368 1236 1395 errans
1389 1364 1456 1396 285

107 1412 260 1454 Amnis
295 1414 337 1454 et
369 1412 558 1453 alternas
592 1415 768 1454 comunt
799 1413 1016 1467 praetoria
1048 1413 1178 1467 ripas.

203 1580 271 1611 266
310 1575 460 1610 brancia
486 1574 563 1610 GR
600 1575 750 1609 brantia
774 1575 852 1609 BL
951 1580 1017 1610 267
1045 1576 1124 1622 ubi]
1158 1576 1228 1611 tibi
1252 1576 1289 1611 Β
1387 1580 1456 1611 268

107 1623 267 1668 alternos
290 1625 320 1666 (s
346 1624 460 1666 eraso)
485 1621 521 1656 Β
595 1625 663 1657 269
692 1621 751 1665 Sic
776 1622 841 1665 ubi
867 1622 992 1658 Lanea
1018 1623 1055 1658 R
1078 1624 1127 1668 lp
1131 1634 1248 1658 arma:
1276 1636 1314 1658 m
1339 1634 1383 1658 ex
1408 1635 1455 1658 an

107 1671 154 1705 al.
166 1670 214 1704 LS
227 1669 619 1715 parcuaBlalludens
608 1683 634 1703 ω
695 1670 860 1704 270Vidi
872 1671 957 1705 mai.
972 1671 1054 1705 mit.
1070 1635 1137 1706 Zitpt.
1148 1669 1456 1713 GllaetiRBLs

106 1717 198 1752 loeti
225 1717 258 1752 G
343 1720 411 1751 272
439 1716 542 1751 dare:
570 1716 594 1751 d
618 1728 662 1752 ex
687 1717 722 1751 cl
746 1717 796 1751 Ls
823 1719 827 1762 Ι
856 1717 1019 1763 amnem]
1048 1728 1155 1752 omne
1181 1718 1259 1753 BL
1286 1719 1291 1762 Ι
1319 1718 1360 1753 in
1385 1729 1453 1770 my:

106 1775 186 1808 sup.
200 1765 226 1807 f.
240 1767 303 1800 ’76Ϊ
321 1765 407 1799 haec
421 1764 590 1808 lequmur
608 1775 729 1799 nonne
749 1764 853 1799 uides
868 1776 978 1808 quam
998 1776 1115 1809 praua
1128 1777 1144 1800 s
1155 1792 1379 1801 .............
1388 1764 1455 1799 mii

105 1811 157 1846 Bs
254 1815 322 1846 274
347 1811 481 1855 impios
509 1811 559 1845 G¹
658 1815 726 1846 275
752 1811 909 1856 impedit
932 1811 967 1845 L
990 1813 995 1856 Ι
1018 1812 1136 1847 solido
1162 1812 1198 1846 Β
1224 1812 1359 1847 stalido
1383 1811 1419 1845 L
1448 1812 1451 1857 Ι

105 1869 212 1903 psare
239 1858 290 1893 Rs
314 1869 470 1902 pensare
495 1858 544 1892 Ls
640 1862 708 1893 276
737 1858 796 1893 Sic
821 1859 907 1894 mai.
934 1860 1002 1894 litt.
1028 1860 1110 1894 init.
1132 1859 1166 1894 G
1188 1861 1192 1902 Ι
1225 1858 1352 1894 boetia
1378 1872 1405 1892 ω

106 1909 174 1941 277
203 1904 388 1950 exitiath'a
412 1904 447 1939 L
469 1907 473 1950 Ι
506 1905 628 1940 Circes
659 1905 845 1950 Vyoletus,
871 1905 989 1941 dirces
1016 1920 1042 1940 ω
1118 1911 1186 1941 278
1213 1906 1453 1941 moribundus

105 1953 139 1986 L
212 1957 279 1988 279
308 1952 515 1997 carpatium
541 1952 578 1988 R
601 1953 605 1999 Ι
637 1953 743 1988 acola
768 1953 802 1987 L
827 1952 950 1989 incola
974 1964 1017 1988 ex
1046 1953 1180 1989 Ouidio
1206 1954 1406 1989 Aceursz'us

106 2003 174 2035 280
206 2011 272 2046 my.
306 2001 420 2035 dextr.
448 2013 492 2033 «ι
518 1999 554 2034 Β
657 2004 724 2036 281
757 2010 887 2036 nereus
918 2000 955 2035 Β
994 2002 999 2045 Ι
1041 2001 1256 2036 conuertere
1290 2000 1412 2035 RBL
1446 2001 1449 2045 Ι

105 2047 227 2082 tethin
254 2047 346 2082 GBS
370 2046 505 2082 thetim
530 2047 566 2081 Β
598 2047 690 2082 thefi
714 2046 749 2081 L
823 2051 890 2082 282
917 2047 1058 2092 praeda
1082 2048 1118 2082 Β
1141 2050 1145 2091 Ι
1175 2046 1343 2092 captiuos
1371 2047 1404 2080 L

106 2097 173 2129 283
201 2093 308 2128 Talia
331 2095 416 2130 mai.
442 2095 523 2130 init.
551 2095 619 2130 litt.
647 2094 681 2129 G
715 2095 719 2138 Ι
754 2095 895 2142 cerula:
922 2106 963 2142 ce
989 2096 1031 2130 in
1056 2106 1129 2131 ras.
1156 2095 1207 2129 ΒΒ
1304 2098 1372 2129 284
1398 2094 1452 2127 111-

106 2156 250 2217 stantes
271 2171 308 2206 R
334 2171 474 2206 extanti
501 2170 755 2217 Gamzogyieter5
777 2174 781 2216 Ι
803 2172 919 2206 tullae
945 2171 979 2205 L
1076 2174 1145 2205 285
1173 2170 1270 2213 Quos
1294 2169 1413 2204 RBL

105 2231 278 2303 fliigssibus
303 2261 365 2304 (al.
393 2262 497 2304 corr.)
525 2260 561 2295 R
648 2263 716 2295 286
743 2233 874 2303 aminis
901 2259 933 2294 G
956 2261 961 2304 Ι
983 2259 1172 2294 alternans
1198 2258 1232 2291 L
1255 2259 1259 2301 Ι
1284 2256 1450 2302 comunt]

107 2307 235 2341 eontra
272 2307 305 2340 L
347 2309 351 2350 1
393 2306 487 2342 alter
507 2332 727 2342 ..........
747 2306 911 2352 petroria
950 2307 1105 2350 (lacuna
1142 2310 1166 2341 8
1204 2306 1261 2340 uel
1299 2307 1344 2339 10
1381 2304 1450 2339 litt.

1191 2363 1238 2398 9*
