1563 2511
593 84 642 89 —
707 72 790 102 VIII
853 85 910 89 --

76 167 480 210 commendaticium
503 180 672 209 carmen
697 167 872 208 tertium
892 165 1058 208 nullum
1083 168 1213 222 extat,
1239 166 1423 209 dilucide

75 227 356 269 demonstrat.

165 284 289 327 Hanc
328 287 472 326 autem
514 283 820 326 conlectionem
863 284 926 325 ita
971 283 1212 325 instituisse
1254 284 1426 327 uidetur

77 347 238 398 auctor,
263 346 311 385 ut
336 344 522 399 primum
545 356 699 398 agmen
719 345 978 397 conponeret
998 357 1048 384 ex
1067 343 1292 397 poematis,
1316 358 1424 398 quae

77 403 128 444 de
171 417 216 444 se
259 403 432 457 suisque
473 402 601 444 rebus
648 401 825 455 fecerat,
866 401 1053 443 medium
1095 402 1216 456 sequi
1259 402 1427 444 iuberet

77 462 250 504 turbam
288 476 455 516 eorum,
495 461 650 515 quibus
689 474 830 502 rerum
870 460 1062 502 ordinem
1102 463 1144 502 et
1182 461 1424 503 diuinarum

79 523 122 562 et
164 521 451 562 humanarum
495 519 783 573 historiasque
823 519 1078 561 scholastico
1116 534 1234 561 more
1275 519 1426 562 ludens

78 580 331 634 scripserat,
366 582 604 620 extremum
633 580 745 620 esset
777 578 1081 633 epistularum,
1120 577 1300 633 denique
1342 579 1425 633 epi-

79 641 321 694 grammata
360 638 538 679 subinde
579 636 775 693 augenda
811 639 1034 691 tamquam
1065 637 1174 678 leuis
1208 633 1427 679 armatura

78 697 327 738 clauderent
360 710 526 752 agmen.

167 757 309 810 Atque
351 756 387 797 is
421 755 524 798 ordo
558 754 791 796 clarissime
823 755 961 796 elucet
993 768 1042 795 ex
1076 754 1185 810 libro
1211 754 1425 797 Vossiano

79 816 382 869 opusculorum
422 814 763 855 luculentissimo
803 815 931 867 teste,
973 828 1233 867 quamquam
1270 828 1322 855 ne
1358 814 1426 855 hic

79 873 250 928 quidem
298 874 407 915 liber
451 872 595 914 omnia
633 872 842 925 seruauit,
883 886 991 925 quae
1031 872 1288 928 archetypus
1329 887 1425 914 con-

78 931 358 985 plectebatur.
413 946 514 972 nam
553 931 706 971 desunt
744 930 787 971 in
835 930 877 972 V
907 929 1089 971 Mosella
1121 929 1287 985 Cupido
1331 932 1427 973 alia.

79 990 121 1031 id
156 990 267 1044 quod
298 991 431 1031 mirae
466 989 687 1031 cuiusdam
720 988 935 1042 opinionis
968 1003 1116 1030 ansam
1149 989 1275 1031 dedit.
1326 1004 1428 1031 nam

80 1049 307 1091 Mosellam
341 1050 491 1103 utpote
525 1051 651 1089 antea
683 1047 842 1088 editum
880 1061 967 1089 non
1004 1047 1216 1102 recepisse
1254 1050 1428 1103 poetam

80 1109 192 1149 inter
220 1108 425 1163 opuscula
449 1107 662 1162 putabant
697 1106 782 1157 alii,
815 1106 888 1147 alii
915 1106 1196 1148 conlectionis
1229 1121 1337 1161 quae
1364 1110 1429 1149 est

80 1167 125 1207 in
163 1166 377 1208 Vossiano
423 1166 639 1207 diuersam
684 1165 815 1206 fuisse
855 1165 1065 1207 rationem
1108 1168 1234 1220 atque
1275 1166 1429 1221 plenae

84 1226 385 1280 opusculorum
413 1224 627 1266 editionis.
679 1227 723 1265 at
754 1224 916 1265 nemini
943 1224 1067 1265 credo
1099 1224 1429 1279 persuadebitur

83 1284 323 1326 Ausonium
358 1284 589 1326 exclusisse
622 1283 739 1336 illud,
773 1298 855 1337 quo
888 1282 1074 1338 primam
1100 1283 1315 1338 poeticam
1341 1284 1430 1338 pal-

82 1358 197 1384 mam
228 1357 404 1398 eamque
437 1343 644 1384 lemnisco
678 1345 876 1383 ornatam
909 1345 1143 1395 meruerat,
1175 1343 1429 1396 praesertim

83 1402 151 1443 cui
190 1402 295 1443 satis
335 1404 476 1443 certus
516 1401 572 1443 sit
610 1402 727 1442 locus
768 1401 881 1442 inter
912 1400 1173 1455 Eclogarum
1212 1402 1371 1443 librum
1405 1417 1430 1443 a

83 1475 150 1502 me
183 1461 364 1514 pristino
399 1460 538 1502 ordini
571 1460 818 1501 restitutum
853 1462 981 1514 atque
1013 1458 1165 1501 Vrbes.
1217 1475 1300 1514 quo
1334 1461 1429 1502 loco

84 1520 210 1560 simul
249 1534 344 1561 cum
390 1520 480 1560 eius
520 1519 686 1560 iactura
727 1521 768 1559 et
802 1520 946 1561 neseio
983 1533 1038 1560 an
1071 1517 1292 1573 Cupidinis
1328 1534 1430 1574 quo-

84 1593 163 1632 que
200 1578 376 1620 cruciati
416 1578 469 1619 ab
508 1577 756 1619 heroidibus
796 1576 912 1619 foliis
950 1578 1114 1632 aliquot
1150 1578 1430 1632 transpositis

83 1637 194 1678 male
244 1637 444 1678 turbatus
495 1639 561 1678 est
611 1636 727 1678 ordo.
812 1638 940 1691 atque
991 1636 1104 1677 idem
1161 1650 1301 1690 casus,
1357 1637 1430 1691 qui

84 1695 280 1751 egregios
325 1696 433 1737 istos
478 1694 751 1736 Ausonianae
802 1694 951 1737 Musae
998 1695 1124 1736 flores
1172 1696 1336 1750 expulit
1379 1709 1430 1736 ex

84 1754 286 1796 Vossiani
313 1754 403 1795 siue
428 1756 550 1807 patre
584 1754 673 1794 siue
700 1768 780 1795 auo
808 1755 897 1795 siue
929 1768 1105 1809 proauo,
1137 1753 1251 1796 haud
1279 1754 1429 1796 dubito

85 1813 188 1868 quin
234 1813 321 1854 suis
365 1813 470 1854 locis
516 1813 685 1854 exulare
730 1813 917 1868 coegerit
959 1827 1043 1854 uno
1089 1813 1279 1855 alteroue
1324 1813 1430 1855 folio

82 1871 347 1926 transposito
368 1870 712 1913 Domesticorum
735 1886 900 1926 quoque
921 1874 1102 1926 partem,
1123 1871 1431 1914 Genethliacon

85 1931 179 1972 dico
213 1933 339 1985 atque
371 1930 688 1984 Protrepticon,
727 1945 832 1984 quos
865 1930 1037 1972 interim
1069 1932 1182 1972 inter
1206 1930 1431 1985 Epistulas

86 1989 331 2031 conlocatos
376 2003 472 2030 cum
510 1988 724 2031 Vossiano
763 1990 930 2030 retinui.
994 1989 1047 2031 ad
1093 1990 1273 2031 alteram
1319 1989 1430 2044 quod

88 2048 245 2090 attinet
283 2048 558 2098 sententiam,
598 2044 770 2089 difficile
804 2051 868 2089 est
907 2048 1084 2089 satiram
1116 2063 1201 2090 non
1235 2048 1431 2090 scribere.

87 2121 188 2148 nam
221 2121 363 2148 merae
403 2109 502 2148 sunt
539 2120 679 2161 nugae
721 2130 770 2136 —
816 2107 968 2161 quibus
1011 2110 1053 2148 et
1092 2107 1182 2162 ipse
1220 2121 1286 2149 me
1309 2107 1431 2148 -olim

85 2165 247 2207 fauisse
291 2179 378 2206 non
425 2165 672 2219 negauerim
717 2189 775 2194 —-
817 2166 852 2206 si
895 2166 988 2219 quis
1030 2168 1202 2207 censeat
1247 2180 1338 2207 esse
1386 2166 1430 2206 in

87 2223 306 2266 Vossiano
340 2224 647 2265 conlectionem
679 2223 922 2265 scholarum
955 2225 998 2264 in
1024 2239 1148 2266 usum
1174 2225 1431 2278 institutam,

90 2283 246 2338 quippe
287 2296 393 2337 quae
433 2286 552 2324 casta
589 2285 758 2323 tantum
795 2282 953 2323 habeat
994 2284 1194 2325 carmina.
1256 2297 1355 2325 nam
1387 2283 1431 2323 in
