1563 2511
593 83 793 124 *261
862 108 905 113 —

84 203 162 244 ego
200 189 305 230 haec
343 189 466 230 annis
505 188 620 230 illius
659 188 798 242 magis
839 202 966 241 quam
1007 190 1112 231 meis
1159 190 1311 244 scripsi
1357 192 1431 232 aut

82 248 267 290 fortasse
300 250 343 288 et
373 247 497 288 meis:
530 245 598 296 δὶς
623 247 776 296 παῖδες
803 246 849 288 οἱ
871 246 1086 301 γέροντες.
1132 248 1185 289 ad
1217 263 1430 290 summam

82 307 227 348 ualeat
265 307 491 347 austeritas
533 309 625 348 tua:
670 306 774 347 mihi
820 320 916 347 cum
960 306 1124 348 infante
1166 308 1294 358 [ratio
1333 309 1430 359 est}

83 366 196 415 uale,
228 365 289 406 fili
321 365 579 407 dulcissime.

14 485 89 515 [322]
458 483 520 512 AD
552 483 774 513 NEPOTEM
806 483 1053 514 AVSONIVM.

84 542 193 584 Sunt
225 542 354 584 etiam
386 542 518 583 musis
553 557 628 583 sua
659 542 839 584 ludicra:
873 543 1008 584 mixta
1042 543 1229 584 camenis

83 601 183 644 Otia
215 605 334 656 sunt,
366 601 529 642 mellite
560 615 712 656 nepos3
744 616 821 642 nec
854 616 1019 656 semper
1052 602 1194 644 acerbi

82 661 266 702 Exercet
296 674 452 715 pueros
484 675 567 702 uox
599 660 832 714 imperiosa
865 661 1080 716 magistri,

84 719 158 761 Set
189 719 335 774 requie
369 718 582 774 studiique
613 719 728 760 uices
760 721 855 760 rata
887 722 1085 774 tempora
1119 722 1304 761 seruant.

81 778 141 820 Et
173 779 277 820 satis
312 780 377 819 est
407 793 539 832 puero
572 779 751 820 memori
781 778 938 833 legisse
970 778 1171 832 libenter,
1409 787 1427 818 5

81 837 141 879 Et
173 851 337 879 cessare
369 837 480 879 licet.
531 836 661 879 Graio
695 837 844 878 schola
875 837 1047 878 nomine
1081 837 1196 878 dicta
1227 840 1311 891 est,

82 896 203 938 Iusta
234 896 478 938 laboriferis
511 896 756 938 tribuantur
787 898 836 937 ut
868 896 958 938 otia
991 897 1136 938 musis.

83 955 176 1004 Quo
209 956 350 1010 magis
384 955 595 996 alternum
628 958 767 997 certus
802 955 1023 996 succedere
1055 955 1202 996 ludum

81 1014 209 1056 Disce
242 1014 398 1055 libens:
430 1014 609 1069 longum
643 1014 873 1055 delinitura
904 1014 1095 1055 laborem

81 1073 318 1115 Interualla
350 1073 512 1115 damus.
563 1073 750 1114 studium
782 1073 945 1127 puerile
976 1072 1158 1123 fatiscit,
1386 1082 1429 1112 10

83 1132 218 1174 Laeta
249 1132 333 1173 nisi
365 1132 549 1173 austeris
581 1132 819 1186 uarientur,
850 1132 962 1173 festa
993 1131 1211 1186 profestis.

83 1190 210 1232 Disce
242 1191 399 1233 libens:
432 1190 575 1232 tetrici
606 1205 684 1232 nec
715 1191 1006 1245 praeceptoris
1038 1190 1230 1231 habenas

82 1249 326 1300 Detestere,
357 1264 504 1303 nepos.
553 1264 787 1304 numquam
820 1249 993 1290 horrida
1023 1249 1163 1290 forma
1194 1248 1405 1303 magistri.

179 1369 222 1400 22
249 1365 366 1400 Varro
391 1364 555 1410 Menipp.
583 1368 625 1399 91
648 1365 687 1401 Β.

178 1474 221 1504 21
250 1470 381 1505 scribsi
415 1471 447 1505 V
535 1474 579 1504 22
606 1470 698 1505 meis
726 1470 899 1515 (spatium
924 1481 985 1505 sex
1009 1471 1083 1513 fere
1108 1471 1190 1514 litt.)
1218 1475 1432 1515 Jaxcrrmahc

84 1529 320 1553 01TbPOHahcb
353 1517 387 1552 V
421 1517 514 1552 meis
541 1517 572 1551 si
600 1528 1002 1552 AICUAIAECOITEPONTEC
1029 1518 1065 1551 P
1106 1517 1197 1552 meis
1223 1516 1326 1551 dicas
1351 1519 1430 1550 πλι-

83 1564 362 1609 ὃεσοιτέροντεσ
387 1565 460 1609 (δὶς
484 1566 566 1609 om.)
594 1564 627 1599 G
664 1563 756 1599 meis
790 1564 892 1598 dicas
924 1575 1281 1608 ρΠΑΙΔΕωῙΤΕΡοΝΤΕε
1314 1563 1430 1598 Vatic.

83 1616 182 1648 3152
209 1613 301 1647 meis
328 1611 430 1646 dicas
456 1613 594 1656 yraecz's
614 1612 754 1646 omissis
780 1613 865 1655 (cluo
885 1612 1031 1646 dimidii
1050 1622 1176 1646 uersus
1195 1612 1308 1646 uacui
1326 1611 1367 1645 in
1386 1610 1432 1654 T)

88 1660 158 1694 TL
181 1661 186 1704 Ι
216 1670 359 1694 sumam
383 1659 525 1693 ualeat:
553 1660 592 1693 at
616 1660 664 1693 al.
690 1660 732 1693 in
757 1669 829 1693 ras.
863 1659 899 1692 V
992 1662 1035 1693 23
1062 1658 1149 1693 mici
1183 1658 1240 1702 V}
1267 1658 1431 1692 instante

84 1707 160 1742 LG
202 1707 324 1741 istana
351 1706 383 1740 Τ
408 1709 413 1748 1
453 1706 549 1740 ratio
583 1706 640 1740 est
671 1707 755 1741 add.
784 1706 818 1740 Z
848 1716 913 1740 om.
949 1706 1025 1739 VP
1055 1707 1093 1749 <†
1120 1707 1161 1740 in
1187 1716 1298 1750 marg.
1328 1704 1378 1749 P)

84 1759 129 1789 24
154 1753 320 1799 Explicit
345 1753 441 1798 epl'a
468 1754 505 1787 P

179 1801 237 1836 Ad
261 1803 438 1845 nepotem
463 1800 669 1835 Ausonium
700 1799 735 1834 V
779 1800 914 1845 Incipit
944 1811 1209 1835 ΠΡΟΤΡΕΠΤῙΚΟΕ
1241 1800 1288 1834 ad
1315 1800 1432 1834 Auso-
1452 1799 1563 1842 1⁷1²st

83 1849 185 1883 nium
215 1851 390 1893 nepotem
421 1848 456 1881 P
505 1847 562 1882 Ad
587 1849 762 1891 nepotem
788 1846 973 1883 Ausonius
1005 1848 1050 1882 de
1084 1847 1207 1882 studio
1240 1846 1374 1891 puerili
1401 1846 1435 1879 Z

84 1896 144 1940 (de
183 1895 306 1930 studio
344 1895 478 1940 puerili
516 1905 581 1930 om.
616 1894 666 1938 L)
723 1894 868 1930 Mellito
906 1895 1034 1940 nepoti
1071 1893 1255 1929 Ausonius
1288 1905 1316 1938 p
1356 1894 1434 1938 (qui

84 1955 146 1978 uu.
175 1946 291 1978 1-17
317 1946 348 1978 et
373 1945 527 1978 26—28
552 1942 671 1985 habet)
772 1946 788 1976 1
817 1942 971 1988 ludrilca
999 1942 1035 1976 P
1060 1942 1065 1989 Ι
1101 1941 1285 1976 camoenis
1314 1940 1385 1975 ΤΘ

85 1995 104 2025 2
133 1990 211 2025 otia
234 1990 353 2033 mixta
379 1991 464 2024 sunt
489 1989 547 2033 ΡΙ
569 1999 685 2033 nepus
714 1988 750 2022 P
770 1990 774 2034 Ι
797 1989 922 2024 acerui
948 1989 983 2024 V
1053 1993 1073 2023 3
1100 1999 1233 2034 pueros
1260 1999 1326 2023 om.
1355 1987 1389 2022 V

84 2041 105 2072 4
132 2037 204 2084 set]
242 2037 272 2071 V
298 2039 302 2082 Ι
335 2037 481 2081 requies
514 2036 649 2070 VPSZ
673 2047 762 2071 corr.
787 2036 867 2072 Toll
895 2038 899 2081 Ι
934 2048 1018 2071 rara
1051 2037 1105 2071 V‘?
1134 2038 1138 2077 Ι
1173 2035 1322 2070 serbant
1355 2035 1389 2069 V

85 2088 105 2118 5
131 2084 297 2119 lebenter
327 2083 373 2119 1⁷³
448 2087 468 2118 6
495 2085 657 2118 cessaret
681 2083 741 2127 ΡΙ
763 2084 871 2128 grato
897 2084 954 2125 Ζ1
988 2083 1089 2118 scola
1119 2083 1233 2118 VPT
1258 2081 1337 2117 sola
1363 2081 1396 2115 L
1424 2082 1427 2125 l

84 2131 234 2166 nomina
267 2131 324 2176 Vl
358 2131 430 2176 est]
458 2132 524 2166 litt.
553 2141 591 2165 es
618 2131 665 2165 αῖ.
692 2142 798 2166 rescr.
830 2130 865 2165 V
958 2135 977 2166 7
1004 2130 1210 2166 laberiferis
1237 2130 1270 2162 L
1298 2131 1303 2172 1
1336 2129 1430 2162 otia:

86 2190 105 2213 o
132 2190 174 2213 ex
200 2189 220 2212 a
247 2179 304 2213 uel
329 2191 353 2212 u
380 2179 425 2213 αῖ.
455 2178 489 2211 V
559 2181 579 2213 8
606 2177 705 2222 quod
732 2178 767 2212 V
837 2183 857 2213 9
885 2177 1086 2213 delinitura
1113 2178 1145 2211 V
1169 2177 1381 2211 delimitura
1401 2175 1437 2208 P

86 2226 293 2260 delenitura
320 2226 354 2259 Z
382 2225 606 2269 (delanitura
631 2225 679 2268 L)
768 2229 905 2259 10-12
934 2237 998 2260 om.
1034 2225 1068 2258 V
1152 2228 1194 2258 10
1220 2222 1370 2257 fatescit
1397 2222 1433 2255 P

153 2277 194 2306 12
220 2268 412 2317 proplietis
443 2272 475 2306 T
569 2276 609 2306 13
638 2272 781 2307 destere
810 2272 843 2306 T
879 2272 1062 2307 destetere
1089 2271 1122 2306 G
1161 2270 1333 2304 detistere
1359 2269 1393 2302 L
1426 2270 1427 2313 ᾖ

85 2331 201 2364 nepus
229 2319 265 2353 P
285 2322 290 2363 ἱ
313 2319 436 2354 orrida
460 2318 536 2353 VP
561 2320 666 2362 (leuis
692 2331 824 2354 rasura
850 2330 957 2364 super
983 2323 1028 2354 a?
1062 2318 1111 2361 V)
1135 2320 1139 2361 l
1171 2322 1252 2362 mgr
1281 2316 1313 2349 T
