1563 2511
0 0 11 169 ᾗ
603 111 657 116 —
719 98 811 127 Lxx·
874 111 928 115 —

1 198 5 221 1
143 194 210 225 102
236 190 277 224 In
309 189 522 234 Apollinem
553 188 631 223 MK
680 189 739 223 Ad
770 189 983 233 Apollinem
1023 191 1066 224 de
1101 190 1168 233 (De
1202 189 1373 233 Apolline
1406 191 1445 224 et

0 227 6 272 ¹,
308 237 352 271 de
378 239 412 281 χ)
440 236 596 281 Daphne
623 236 763 280 (puella
789 237 872 272 aad.
901 236 930 270 G
939 238 974 281 χ)
999 237 1167 281 fugiente
1194 236 1262 270 Te

0 250 7 362 Ι
144 287 210 318 103
236 284 278 318 In
304 284 499 329 Daphnem
525 284 557 317 K
596 283 650 317 De
676 282 832 328 Daphne
858 285 960 318 tecta
987 285 1122 319 cortice
1148 283 1215 319 TG
1255 295 1321 319 om.
1350 284 1398 318 M

0 363 4 424 ἒ

236 413 389 447 Finiunt
415 411 647 457 epigramata
666 412 695 446 T
731 412 884 447 Finiunt
903 423 1031 447 uersus
1051 411 1206 447 Ausonii
1224 414 1335 455 poete
1356 412 1444 457 Epi·

306 459 524 504 grammatis
553 460 583 493 Κ
621 459 774 494 Ausonii
799 459 927 495 Peonii
958 461 1090 504 poetae
1124 459 1270 494 disertis
1296 459 1444 505 epigra-

307 507 441 542 matcsm
466 506 561 541 liber
586 506 613 542 I.
652 507 734 542 finit
759 507 790 542 G
828 518 895 542 om.
920 507 958 541 M

93 641 118 681 ἢ·
145 641 211 672 317
239 636 427 680 Incipiunt
451 647 578 671 uersus
610 637 779 680 pascales
805 635 834 669 Τ
871 635 1057 680 Incipiunt
1082 636 1282 680 pasquales
1310 636 1347 669 M
1381 647 1444 680 pa-

306 684 423 719 scales
448 683 632 728 incipiunt
657 683 689 717 K
714 683 872 719 Ausonii
895 682 1021 728 peonii
1050 684 1182 727 poetae
1211 682 1445 717 disertissimi

306 742 433 765 uersus
464 731 660 775 paschales
693 731 724 765 G
756 751 801 756 —
832 741 960 765 uersus
998 730 1166 774 pascales
1202 730 1335 764 finiunt
1369 729 1445 763 TM

306 778 440 812 finiunt
464 789 591 812 uersus
618 778 784 822 pascales
803 778 836 812 K
874 778 1028 812 Ausonii
1054 777 1181 822 peonii
1208 777 1446 812 disertissimi

306 836 433 859 uersus
459 824 653 869 paschales
680 825 815 859 finiunt
840 825 871 859 G

236 872 375 916 Incipit
418 872 513 907 liber
556 872 798 917 epistolarum
841 871 910 906 ΤΚ
955 871 1109 906 Ausonii
1146 871 1272 915 peonii
1310 872 1444 916 poetae

307 918 543 954 disertissimi
569 920 807 964 epistolarum
834 919 932 954 liber
957 919 988 954 G
1028 929 1093 953 om.
1122 918 1160 952 M

93 971 117 1011 †
144 970 210 1002 397
239 965 323 1011 (Ep.
343 966 426 1010 IIII)
453 966 636 1001 Ausonius
656 967 772 1001 Paulo
792 967 857 1002 sal.
879 967 958 1011 (sal.
981 977 1045 1001 om.
1067 965 1116 1009 M,
1143 966 1176 1000 d.
1199 966 1284 1000 add.
1305 965 1353 1009 K)
1378 965 1400 999 Z
1414 965 1442 999 T

142 1018 209 1049 399
238 1013 320 1058 (Ep.
347 1013 410 1056 VI)
437 1013 614 1048 Inuitatio
642 1014 688 1048 ad
715 1014 871 1048 Paulum
898 1013 1110 1059 (Paulinum
1137 1013 1189 1057 M)
1217 1013 1280 1047 ZT
1319 1012 1440 1048 Auso-

307 1060 390 1095 nius
417 1061 464 1094 ad
489 1060 646 1095 Paulum
673 1073 697 1105 g

142 1108 252 1143 400A
280 1107 360 1153 (Ep.
381 1107 465 1152 VH)
503 1107 740 1152 Rescriptum
773 1108 889 1142 Paulo
928 1119 993 1142 suo
1035 1109 1116 1152 (suo
1154 1117 1221 1142 om.
1254 1106 1349 1151 MK)
1382 1107 1444 1141 ZT

310 1155 436 1200 [usque
461 1155 510 1189 ad
534 1156 645 1190 uerba
671 1155 785 1190 semel
814 1154 1088 1200 erubescerem]

142 1206 210 1237 327
239 1201 419 1247 (Bissulae
444 1202 559 1245 praef.
587 1202 707 1244 metr.)
733 1201 792 1236 Ad
816 1203 996 1237 lectorem
1015 1202 1124 1236 huius
1145 1200 1267 1236 libelli
1287 1201 1356 1236 TG
1387 1201 1446 1236 Ad

307 1249 490 1283 lecturum
517 1249 549 1283 K
587 1260 652 1284 om.
679 1249 718 1282 M

142 1296 250 1332 400ss
278 1295 361 1341 (Ep.
383 1295 464 1341 VII)
490 1296 547 1330 Ad
568 1295 725 1331 Paulum
745 1308 852 1331 suum
871 1296 941 1331 TG
966 1295 1150 1331 Ausonius
1170 1295 1289 1331 Paulo
1315 1296 1382 1332 sal.
1411 1296 1444 1330 d.

307 1344 339 1377 Κ
379 1354 444 1379 om.
473 1344 508 1377 M
536 1344 577 1389 [a
600 1345 721 1379 uerbis
746 1344 832 1378 uide
858 1344 911 1378 mi
936 1343 1049 1378 Paule
1076 1343 1154 1389 etc]

141 1406 210 1438 409
239 1403 320 1448 (Ep.
346 1401 479 1444 XXIII)
505 1402 687 1437 Ausonius
710 1402 887 1446 (Ausonio
906 1402 997 1445 MK)
1023 1402 1158 1437 Pontio
1179 1401 1333 1437 Paulino
1361 1413 1443 1436 cum

308 1448 373 1484 ille
393 1449 554 1484 misisset
573 1450 802 1494 poematium
823 1450 1000 1494 (misisset
1019 1450 1197 1494 poematii
1210 1449 1253 1493 T)
1273 1448 1444 1484 uersibus

308 1496 474 1541 plurimis
513 1497 567 1532 De
594 1497 743 1542 regibus
770 1508 815 1531 ex
842 1497 1059 1541 Tranquillo
1087 1496 1256 1531 collectis
1283 1497 1347 1530 ZT

142 1546 212 1578 408
238 1543 317 1588 (Ep.
345 1544 445 1587 XIII)
477 1544 535 1578 Ad
559 1543 735 1578 Vrsulum
767 1545 1055 1590 grammaticum
1082 1544 1319 1579 Treuirorum
1346 1543 1446 1586 (Tre-

306 1591 473 1625 uirorum
497 1602 561 1626 om.
591 1592 635 1635 G)
668 1592 770 1626 cuius
797 1593 939 1626 strenas
965 1591 1058 1626 Kl‘is
1086 1593 1161 1626 Ian.
1190 1590 1284 1634 (Kal'
1311 1591 1445 1625 Ianua-

308 1638 382 1672 rias
418 1638 462 1682 G)
501 1638 547 1672 ab
584 1639 808 1684 imperatore
839 1650 914 1673 non
947 1639 1051 1673 datas
1083 1639 1189 1673 reddi
1220 1638 1309 1673 fecit
1341 1637 1442 1682 (feci-

309 1696 391 1720 mus
418 1685 456 1718 M
498 1685 560 1719 ZT

145 1736 212 1766 411
241 1734 278 1768 et
303 1736 372 1767 412
400 1687 482 1777 (Ess.
502 1733 617 1775 XXV)
644 1732 835 1767 Ausonius
855 1732 1011 1766 Paulino
1038 1744 1102 1767 suo
1131 1732 1210 1767 sal'.
1236 1732 1287 1776 pl.
1309 1732 1343 1766 d.
1365 1731 1445 1776 (sal.

311 1779 358 1815 di.
387 1779 418 1814 G
445 1791 509 1815 suo
536 1779 611 1815 sal'.
638 1779 687 1824 pl.
715 1780 748 1814 d.
776 1790 841 1814 om.
868 1780 920 1824 M)
948 1779 1009 1813 ZT

147 1830 216 1861 413
245 1826 364 1871 (ibid.)
396 1826 455 1861 Ad
486 1827 656 1862 Iambum
688 1839 795 1861 suum
828 1837 975 1862 carmen
1000 1825 1069 1860 TG
1107 1826 1164 1861 Ad
1190 1825 1389 1860 Paulinum
1414 1825 1447 1860 K

143 1924 214 1955 414
240 1922 277 1956 et
302 1885 376 1955 affl>
397 1874 477 1966 (Rip.
504 1921 639 1965 XXVI)
672 1921 856 1956 Ausonius
888 1921 1045 1956 Paulino
1083 1932 1148 1955 suo
1182 1920 1260 1955 sar.
1292 1920 1342 1965 pl.
1375 1919 1445 1954 dic.

311 1969 391 2012 (suo
425 1989 468 1993 —
501 1969 570 2003 dic.
607 1980 672 2003 om.
700 1968 738 2002 M
777 1980 842 2004 suo
880 1972 912 2003 et
942 1969 992 2013 pl.
1027 1979 1091 2003 om.
1127 1968 1158 2001 Κ
1191 1967 1269 2003 sal'.
1298 1988 1340 1992 —
1375 1967 1446 2001 dic,

144 2065 215 2097 404
241 2015 606 2107 (EmeI)GA)u}olnius
620 2063 796 2098 Tetradio
819 2063 882 2097 sal.
905 2064 933 2107 (s
920 2063 983 2097 sal.
1004 2074 1070 2098 om.
1086 2063 1135 2097 M
1150 2062 1182 2096 d.
1204 2062 1288 2097 add.
1305 2061 1363 2105 K)
1384 2060 1447 2095 ZT

145 2124 214 2156 405
242 2123 279 2156 et
304 2125 373 2157 406
405 2121 488 2167 (Ep.
515 2121 597 2167 XII)
636 2120 822 2157 Ausonius
861 2121 981 2156 Probo
1026 2121 1217 2166 piaefccto
1260 2121 1448 2166 praetmio

311 2181 417 2225 (pret
444 2185 536 2225 pret.
563 2181 600 2214 M
637 2180 773 2225 prefec
805 2188 879 2225 pet.
907 2180 954 2224 K)
984 2181 1050 2215 sal.
1077 2181 1127 2225 (d.
1155 2180 1238 2215 add.
1265 2179 1310 2223 K)
1337 2178 1399 2213 ZT

146 2230 213 2262 401
242 2227 323 2272 (Ep.
345 2227 446 2271 VIII)
472 2231 650 2267 Αυσονιος
682 2230 820 2262 Παυλω
853 2227 965 2263 TMG
998 2239 1063 2263 om.
1097 2227 1129 2261 K
1164 2227 1221 2273 [in
1246 2227 1289 2261 K
1319 2228 1448 2262 desunt

310 2286 373 2310 uu.
401 2279 492 2310 31—
449 2278 554 2318 4—5,
579 2277 621 2310 in
648 2275 826 2309 Vaticano
851 2287 912 2310 uu.
935 2279 1023 2310 14—
985 2275 1092 2320 4—5]

146 2324 215 2356 402
244 2322 325 2367 (Ep.
353 2321 469 2367 VIIII)
495 2327 675 2362 Αυσονιος
701 2323 839 2357 Παυλω
866 2322 934 2357 TG
960 2333 1025 2358 om.
1054 2322 1133 2356 MK

170 2387 346 2413 Avsomvs.
1144 2391 1162 2413 Θ
