1563 2511
563 95 877 137 -293—

53 199 134 243 Sed
166 200 273 241 mihi
305 199 409 241 mite
440 199 577 254 patris
608 201 705 254 plus
740 215 869 255 quam
901 201 1092 243 censoris
1125 201 1325 243 acerbum

111 257 229 300 Sedit
261 261 304 300 et
335 273 357 299 e
388 258 558 300 blandis
592 273 745 312 aspera
775 273 908 313 penso
942 260 1098 301 animo.

49 317 142 360 Ista
175 332 252 359 suo
283 317 518 372 regerenda
549 318 642 359 loco
675 320 821 359 tamen
853 320 896 358 et
929 319 1125 372 grauiore

109 376 304 418 Vindicis
336 376 456 417 heroi
489 378 590 417 sunt
622 376 828 431 agitanda
861 391 979 418 sono.

49 435 222 477 Interea
253 435 391 476 leuior
421 435 569 489 paucis
601 438 848 489 praecurret
879 435 1046 476 iambus
1355 446 1397 477 15

108 493 308 536 Discreto
340 493 527 535 referens
560 496 710 535 mutua
742 494 874 535 uerba
905 493 1022 548 pede.

49 551 175 595 Nunc
208 553 318 608 elegi
352 553 516 594 saluere
547 553 698 594 iubent
729 553 926 607 dictaque
960 553 1115 603 salute,

108 611 169 653 Vt
199 611 337 654 fecere
370 611 466 654 aliis
499 626 598 653 orsa
630 612 914 667 gradumque,
947 612 1084 654 silent.

483 729 685 760 AVSONIO
718 729 960 760 PAVLINVS.

51 787 161 837 Quid
194 787 413 830 abdicatas
446 789 491 829 in
522 802 661 829 meam
695 802 859 842 curam⁷
889 790 1034 842 pater,

108 846 263 888 Redire
295 846 442 889 Musas
473 847 715 901 praecipis?
1354 855 1398 885 20

48 905 223 960 Negant
256 904 454 948 Camenis
487 921 564 947 nec
596 908 748 959 patent
779 905 975 960 Apollini

109 964 262 1006 Dicata
296 963 468 1006 Christo
500 968 688 1019 pectora.

49 1023 149 1064 Fuit
181 1024 267 1065 ista
300 1024 517 1077 quondam
548 1038 635 1065 non
668 1038 766 1079 ope,
799 1022 873 1065 sed
906 1022 1047 1064 studio
1080 1021 1174 1076 pari

110 1082 267 1124 Tecum
300 1082 406 1123 mihi
438 1082 683 1135 concordia,

52 1139 173 1182 Ciere
207 1141 381 1182 surdum
412 1141 624 1195 Delphica
655 1140 879 1183 Phoebum
912 1154 1056 1195 specu,
1355 1148 1399 1179 25

110 1199 275 1241 Vocare
307 1199 455 1241 Musas
486 1201 682 1255 numina,

51 1258 268 1313 Fandique
301 1273 453 1300 munus
487 1273 660 1300 munere
692 1258 908 1300 indultum
940 1258 1008 1300 dei

110 1317 260 1359 Petere
292 1332 314 1358 e
345 1318 592 1359 nemoribus
626 1320 701 1359 aut
731 1317 856 1372 iugis.

50 1375 175 1418 Nunc
208 1376 292 1418 alia
323 1380 513 1418 mentem
545 1377 612 1418 uis
645 1376 755 1432 agit,
786 1377 926 1419 maior
959 1376 1081 1428 (leus,

110 1435 312 1488 Aliosque
344 1450 483 1477 mores
516 1436 714 1490 postulat
1356 1443 1401 1475 30

53 1493 144 1536 Sibi
175 1509 402 1550 reposcens
435 1495 489 1536 ab
520 1495 695 1536 nomine
727 1509 881 1536 munus
916 1509 1057 1548 suum,

110 1553 320 1595 Viuamus
353 1556 401 1595 ut
431 1553 547 1595 uitae
579 1554 702 1608 patri.

148 1709 188 1739 11
216 1703 330 1739 michi
357 1704 419 1747 Pl
447 1705 555 1739 mitte
582 1704 641 1746 ΡΙ
673 1704 835 1750 plusqua
860 1704 897 1739 P
992 1707 1033 1738 12
1063 1705 1100 1738 et
1125 1714 1144 1738 e
1170 1701 1337 1748 blandis]
1365 1703 1403 1736 et

50 1752 183 1786 flandis
212 1752 248 1786 P
327 1755 370 1786 13
396 1755 429 1787 et
457 1756 499 1786 14
525 1763 590 1787 om.
620 1751 657 1786 P
738 1756 781 1786 13
807 1752 972 1796 regenda
1002 1751 1096 1785 V1H
1119 1750 1321 1795 retegenda
1354 1748 1403 1782 V²

52 1809 142 1834 corr.
171 1799 364 1834 Muratorz'
463 1802 505 1833 15
538 1799 744 1843 praecurrit
769 1799 806 1834 P
901 1803 944 1834 16
978 1798 1145 1833 desereto
1173 1798 1210 1832 P
1241 1799 1246 1841 Ι
1286 1798 1401 1832 dextr.

51 1857 163 1891 marg).
198 1849 234 1885 5<-
268 1845 303 1880 V
397 1850 438 1881 17
465 1857 562 1880 nunc
588 1847 663 1892 legi
691 1847 727 1880 P
753 1847 758 1890 Ι
790 1846 912 1881 saluta
945 1845 979 1880 V

147 1917 298 1939 Avsomo
332 1916 501 1940 PAVLmvs
535 1905 614 1939 VH
635 1916 700 1941 om.
729 1904 766 1938 P
803 1904 991 1950 Incipiunt
1022 1914 1151 1938 uersus
1178 1903 1318 1938 Ausoni
1354 1903 1398 1937 ad
1412 1902 1563 1945 VPIM

52 1952 250 1987 Paulinum
277 1952 305 1987 S
353 1952 472 1987 Metro
509 1953 670 1987 iamuico
703 1958 727 2000 η
760 1963 888 1987 uersus
926 1951 1046 1987 maior
1084 1950 1245 1993 senario,
1283 1949 1403 1985 maior

55 1998 291 2043 quaternario
315 2010 430 2044 mary.
458 2000 505 2034 αῖ.
534 1999 568 2033 V
591 2000 671 2035 bini
696 2000 870 2034 uersiculi
895 1999 1080 2034 coniuncti
1107 1998 1143 2032 P
1215 2001 1257 2032 19
1287 1996 1398 2042 Quid]

54 2045 174 2087 Quum
199 2046 236 2082 P
260 2048 264 2090 Ι
299 2047 422 2091 pater:
449 2059 467 2081 1·
492 2057 536 2082 ew
561 2047 577 2081 t
602 2048 649 2082 al.
684 2047 719 2081 V
788 2050 831 2081 21
859 2046 1026 2091 appolini
1052 2045 1089 2080 P
1157 2048 1201 2080 23
1229 2046 1285 2079 sta
1318 2044 1366 2079 V¹
1395 2045 1397 2089 Ι

53 2094 211 2128 condam
243 2093 291 2128 V¹
314 2096 317 2135 Ι
346 2093 439 2140 palti
465 2095 496 2138 (t
520 2095 626 2138 eras.)
659 2094 693 2128 V
715 2094 797 2139 pari
823 2104 888 2129 om.
916 2094 945 2129 S
1040 2097 1085 2127 24
1111 2092 1199 2127 mici
1230 2091 1263 2126 V
1356 2094 1401 2125 25

55 2143 147 2175 Oere
173 2140 201 2175 S
223 2142 227 2185 Ι
250 2140 383 2176 delfica
411 2140 475 2175 VS
501 2141 620 2176 deficu
646 2143 685 2176 H
704 2142 709 2186 Ι
731 2141 897 2186 phebum
922 2141 960 2175 P
979 2140 1129 2175 foebum
1156 2139 1184 2174 S
1265 2142 1309 2172 26
1336 2148 1401 2171 no-

54 2187 155 2222 mina
181 2187 209 2223 S
281 2192 324 2223 27
350 2187 457 2223 fundi
484 2188 529 2222 V¹
540 2188 568 2223 S
589 2191 593 2232 Ι
616 2199 806 2223 munerem
833 2187 985 2223 ductum
1012 2187 1071 2222 dei
1092 2187 1120 2221 S
1141 2186 1145 2229 Ι
1168 2186 1243 2231 dei]
1271 2185 1346 2219 diei
1365 2186 1405 2218 H

108 2238 153 2270 28
183 2237 310 2279 petere
342 2234 444 2270 fonte
477 2235 599 2270 VPH
633 2237 759 2281 petere
787 2246 805 2270 e
832 2236 911 2279 (om.
940 2234 1057 2278 fonte)
1084 2233 1111 2268 S
1145 2235 1149 2278 Ι
1189 2231 1400 2267 nemoribus

60 2281 170 2316 VHS
194 2293 342 2318 nemore
369 2283 406 2317 P
475 2286 518 2317 29
546 2282 659 2317 aliam
686 2282 800 2317 PHS
872 2286 917 2316 30
943 2282 1053 2316 alios:
1082 2293 1097 2314 s
1122 2291 1229 2315 rescr.
1255 2278 1290 2312 V
1356 2282 1398 2312 31

55 2327 205 2363 homine
233 2329 335 2372 libri,
361 2340 451 2365 corr.
480 2330 611 2374 Peiper
693 2333 736 2365 32
763 2329 840 2364 uite
874 2329 979 2363 V¹P1
1008 2327 1098 2374 (uite
1130 2326 1177 2362 V²
1209 2326 1304 2361 uitae
1333 2324 1399 2369 P2)
