1563 2511
687 32 1008 74 —350-

102 134 248 216 mulii?
264 180 642 238 CONIVNC'I'IONEv
661 181 898 217 SALMACIS
925 182 1027 218 CVM
1053 181 1489 219 HERMAPHRODITO.

175 264 382 307 Salmacis
416 268 565 319 optato
599 267 797 307 concreta
831 269 897 308 est
926 267 1118 320 nympha
1149 268 1316 310 marito.

230 323 349 365 Felix
381 325 524 379 uirgo,
557 324 638 366 sibi
673 324 708 366 si
741 325 821 366 scit
853 325 993 367 inesse
1026 326 1177 367 uirum.

171 382 229 424 Et
260 385 308 423 tu
339 382 573 436 formosae,
605 384 789 437 iuuenis,
822 384 1030 438 permixte
1062 384 1233 439 puellae

231 440 306 482 Bis
338 441 460 496 felix,
492 457 624 483 unum
657 442 693 483 si
725 442 825 483 licet
857 457 949 484 esse
982 443 1100 484 duos.

100 568 190 594 (31111
212 569 277 602 [cn]
364 556 429 592 AD
456 557 738 592 APOLLINEM
763 557 826 591 DE
854 557 1051 592 DAPHNE
1078 557 1333 593 FVGIENTE.

170 629 286 670 Pone
319 644 482 684 arcum,
514 630 675 683 Paean,
707 630 948 684 celeresque
980 630 1159 672 reconde
1191 631 1393 685 sagittas:

227 687 328 730 Non
359 691 401 729 te
434 689 556 743 uirgo
589 688 719 742 fugit,
753 689 825 729 sed
857 693 932 730 tua
963 689 1050 730 tela
1082 690 1216 731 timet.

97 815 245 848 CV[c111]
486 803 548 837 DE
575 802 773 838 DAPHNE
800 803 957 839 TECTA
985 803 1199 840 CORTICE.

166 875 331 926 nauide,
365 890 440 917 cur
472 890 696 930 properas,
729 879 894 927 cortex,
927 878 1090 931 operire
1123 877 1340 931 puellam?

165 934 332 976 Laurea
364 934 542 976 debetur
572 934 767 989 Phoebo,
801 936 838 976 si
870 935 993 990 uirgo
1025 939 1221 991 negatur.

93 1155 282 1187 CVI[cv111]
470 1144 523 1178 IN
548 1144 818 1180 SCABIOSVM
844 1144 1211 1180 POLYGITONEM.

164 1215 447 1258 Thermarum
479 1216 524 1257 in
554 1217 662 1258 solio
696 1217 731 1258 si
764 1218 859 1271 quis
892 1217 1155 1272 Polygitona
1186 1218 1296 1259 uidit

162 1274 320 1316 Vlcera
353 1275 646 1317 membrorum
679 1276 820 1317 scabie
853 1276 1097 1330 putrefacta
1130 1277 1367 1332 fouentem,

160 1333 418 1388 Praeposuit
451 1335 614 1376 cunctis
648 1336 892 1388 spectacula
924 1336 1031 1377 talia
1062 1336 1186 1377 ludis.

160 1392 378 1447 Principio
410 1394 604 1435 tremulis
637 1393 887 1448 gannitibus
921 1409 1020 1435 aera
1051 1395 1196 1448 pulsat

160 1450 390 1506 Verbaque
422 1453 608 1494 lasciuos
641 1453 916 1494 meretricum
949 1453 1167 1494 imitantia
1199 1456 1345 1495 coetus
1489 1466 1509 1497 5

160 1509 318 1551 Vibrat
350 1513 391 1552 et
424 1511 633 1553 obscenae
665 1526 865 1553 numeros
898 1512 1131 1567 pruriginis
1164 1513 1326 1566 implet.

160 1567 346 1610 Brachia
380 1569 530 1612 deinde
562 1573 679 1612 rotat
712 1571 830 1612 uelut
862 1570 1016 1612 enthea
1049 1571 1255 1613 daemone
1287 1571 1481 1626 Maenas;

256 1695 335 1731 CIII
369 1698 475 1734 inser.
511 1697 583 1732 ΤΘ
614 1708 679 1733 om.
706 1697 755 1733 M
782 1698 1103 1743 (hermophrodito
1136 1698 1240 1743 TG)‚
1279 1700 1510 1735 coniunctum

160 1754 240 1778 cum
271 1745 456 1788 superiore
487 1756 632 1781 carmen
663 1746 704 1780 iu
732 1745 836 1789 TM,
873 1747 1080 1782 rubricator
1111 1746 1272 1781 seiunxit
1298 1747 1511 1792 titulumque

159 1791 459 1880 τὰζιιφὲἓιέἷίῃόθὲἄᾶἰτ.
490 1792 523 1826 Τ
619 1795 635 1826 1
669 1792 824 1837 nimpha
853 1794 885 1827 T
980 1798 999 1828 2
1032 1792 1145 1827 foelix
1176 1793 1247 1828 TG-
1343 1797 1365 1828 4
1396 1794 1509 1829 foelix

255 1896 354 1931 CIIII
386 1898 441 1932 ius
446 1908 493 1933 cr.
525 1898 595 1932 TG
621 1900 696 1944 (secl
721 1898 876 1943 Daphne
908 1899 1034 1943 puella
1062 1898 1109 1943 G)
1160 1899 1202 1934 In
1228 1899 1440 1944 Apollinem
1462 1900 1510 1934 M

161 1946 178 1977 1
205 1943 346 1989 Paean]
374 1955 533 1988 pennam
564 1945 596 1979 T

255 2002 317 2036 CV
355 2003 463 2038 inser.
493 2003 565 2038 TG
591 2015 653 2039 om.
682 2005 732 2038 M
826 2008 845 2039 2
871 2007 1025 2040 necatur
1053 2005 1087 2040 G
1116 2008 1120 2050 Ι
1149 2005 1301 2041 Finiunt
1326 2006 1507 2051 epigram

158 2050 260 2084 mata
291 2060 404 2094 marg).
434 2051 521 2085 min.
553 2051 584 2085 T
631 2050 784 2087 Ausonii
815 2053 941 2096 peonii
976 2054 1110 2098 poetae
1143 2053 1290 2088 disertis
1323 2053 1505 2098 epigram

157 2097 292 2131 matrim
320 2097 414 2132 liber
441 2097 487 2132 .Ι.
515 2098 595 2132 finit
623 2098 657 2134 G

254 2155 334 2190 CVI
366 2157 408 2190 In
440 2156 648 2191 scabiosum
678 2158 726 2191 M
762 2157 1016 2203 poligytonem
1049 2159 1318 2204 (polygitonem
1348 2159 1394 2202 G)
1421 2161 1503 2195 add.

161 2202 236 2238 ΤΘ
334 2207 350 2237 1
384 2202 594 2248 poligitona
620 2204 669 2238 M
701 2205 920 2249 poligytona
951 2206 983 2239 T
1075 2210 1094 2240 ‘2
1129 2207 1364 2241 menbrorum
1391 2207 1440 2242 ⁷11

158 2249 399 2295 p310posuit
427 2250 460 2284 Τ
556 2254 575 2285 5
603 2254 714 2285 caetus
742 2251 775 2285 T
812 2253 913 2287 cetus
943 2254 992 2287 M
1087 2257 1105 2287 7
1133 2254 1248 2299 rotat]
1277 2253 1401 2288 uibrat
1429 2254 1460 2287 T
