1563 2511
596 44 910 85 —473—

131 153 197 183 163
225 147 353 183 Cicero
379 148 424 182 de
449 150 524 183 nat.
553 147 648 182 deor.
676 147 691 180 I
718 151 762 181 25
789 147 901 182 Acad.
928 159 980 191 pr.
1009 147 1041 181 ΙΙ
1071 151 1146 181 118.

129 199 194 230 180
220 194 387 239 Apostol.
415 194 465 228 VI
490 198 534 229 48
569 194 831 239 (Paroemiogr.
859 193 891 228 Π
923 197 991 228 376
1025 193 1068 228 cf.
1102 193 1135 226 Π
1163 198 1206 229 70
1232 195 1270 228 et
1295 194 1423 237 1394).

128 245 192 277 182
220 241 341 285 (Ouid.
368 243 448 276 Ars.
475 241 527 275 ΠΙ
553 244 596 275 87
632 240 683 276 ite
716 251 782 285 per
808 240 1032 285 exemplum,
1066 251 1181 285 genus
1209 251 1229 275 0
1256 241 1424 285 mortale,

127 339 192 371 183
219 290 488 380 lqgglrlpffiginisz
517 335 640 370 Sidon.
668 346 724 380 ep.
751 334 800 369 VI
827 338 859 377 9,
888 339 917 369 1.
945 334 1092 378 (Pacuu.
1119 338 1186 369 313
1214 334 1282 379 R.)-

126 386 192 464 {gi
219 382 469 474 glrrffizlggpt.
495 429 587 474 prol.
616 433 658 464 67
687 428 790 463 abeo.
818 429 951 471 ualete,
979 427 1120 463 indices
1146 428 1363 462 iustissumi.

125 480 192 511 219
222 477 366 512 Terent.
392 477 540 511 Phorm.
566 475 600 510 H
628 481 662 519 l,
693 480 733 510 11
761 477 857 519 (241)
891 487 944 520 sq.
973 486 1085 519 quam
1119 475 1163 509 ob
1191 485 1268 509 rem
1295 475 1423 518 omnis,

223 534 333 567 quom
354 524 535 558 secundae
556 535 612 558 res
635 524 720 557 sunt
744 533 925 565 maxume,
951 524 1030 556 tum
1057 533 1225 557 maxume
1251 521 1424 556 meditari

221 581 345 605 secum
371 571 529 615 oportet,
556 581 626 614 quo
653 570 762 615 pacto
790 570 984 604 aduersam
1012 580 1225 604 aerumnam
1251 569 1382 604 ferant.

126 621 192 652 222
220 617 416 653 Modoinus
442 618 543 652 Naso
569 617 585 650 I
612 621 655 652 43
682 627 835 662 magnos
860 616 1110 660 modicosque.

563 699 647 733 XHI
675 698 931 734 CAESARES.

221 758 265 793 cf.
294 759 466 794 Sidonius
492 760 559 804 Ep.
587 759 619 793 V
648 763 677 802 7,
705 763 735 794 6.
764 757 800 792 C.
828 758 859 792 V
888 761 955 792 320
982 769 1061 802 sqq.
1112 757 1181 791 VH
1209 760 1274 792 104
1302 768 1381 801 sqq.

78 806 245 887 MonostC
271 810 290 840 9
328 806 360 843 (1
399 805 498 841 Caes.
539 807 681 841 terrast.
725 810 766 840 17
807 805 984 840 castrensi
1024 805 1167 850 caligae
1207 803 1426 849 cognomine

244 863 366 889 aesar.

154 905 194 934 11
222 900 292 935 Dio
319 899 417 935 Cass.
445 904 499 944 62,
530 904 571 935 18
600 898 752 944 ἔσχατος
778 898 979 934 Αἰνεαὸῶν.

149 950 193 981 28
222 946 344 982 Sidon.
373 946 410 982 C.
431 947 465 981 Π
491 952 510 983 8
537 949 649 991 tuque
677 957 697 980 0
725 946 783 981 0111
809 947 954 989 laurea,
986 946 1085 989 Iane,
1113 956 1235 981 annua
1261 945 1425 980 debetur.

149 998 193 1029 30
220 994 318 1030 orbis
344 1005 463 1030 amor:
492 993 524 1030 (1
552 993 653 1028 Caes.
679 994 823 1029 tem-ast.
851 997 906 1028 46.

80 1041 238 1076 Tetrast.
264 1046 305 1076 12
333 1041 371 1076 111
390 1042 480 1077 teris
499 1041 662 1085 positum
692 1069 697 1076 .
727 1069 733 1076 .
762 1040 888 1076 deum:
916 1039 960 1074 cf.
981 1040 1110 1075 Horat.
1135 1039 1171 1074 C.
1193 1039 1208 1073 Ι
1229 1044 1259 1083 2,
1281 1043 1324 1074 41
1347 1051 1424 1084 sqq.

150 1092 192 1122 17
222 1087 254 1124 (1
282 1088 384 1123 Caes.
410 1091 556 1124 monost
583 1093 614 1124 9.

149 1139 191 1169 21
223 1135 254 1172 (1
282 1135 384 1170 Caes.
411 1137 556 1171 tetrast.
583 1140 639 1170 43.

150 1186 194 1217 25
220 1182 438 1218 Aeneadum
464 1182 650 1228 genetrix:
676 1181 820 1216 Lucret.
847 1181 874 1223 Ι,
903 1186 920 1215 1
951 1180 982 1216 (1
1009 1180 1074 1216 ecl.
1105 1186 1158 1224 11,
1187 1185 1204 1215 7
1227 1192 1283 1225 ep.
1312 1186 1367 1225 52,
1394 1187 1426 1217 2.

151 1234 194 1264 36
221 1230 266 1265 cf.
293 1230 419 1265 lustin.
446 1230 462 1264 1
496 1233 516 1264 3
544 1230 588 1264 de
623 1228 906 1273 Sardanapallo:
947 1230 983 1263 et
1015 1239 1052 1263 se
1086 1230 1123 1263 et
1156 1228 1307 1263 diuitias
1340 1240 1424 1264 suas

221 1276 259 1311 in
285 1276 495 1312 incendium
523 1276 641 1311 mittit
667 1277 736 1311 hoc
764 1276 843 1311 solo
869 1274 1038 1310 imitatus
1064 1275 1194 1310 uirum.

152 1328 194 1359 37
223 1323 418 1406 cthedul.
438 1323 472 1358 V
498 1327 565 1359 213
593 1335 686 1358 unus
713 1322 821 1363 enim,
849 1333 957 1367 quem
984 1322 1063 1356 uita
1088 1322 1191 1358 ferox
1217 1334 1283 1358 nec
1309 1324 1426 1358 morte

218 1381 256 1405 re
277 1371 380 1416 ’(111113.

150 1422 194 1453 43
223 1429 275 1463 sq.
309 1417 425 1454 Tacit.
458 1419 500 1454 H.
539 1422 576 1461 1,
610 1422 654 1453 50
693 1420 731 1452 et
770 1417 947 1461 ambigua
986 1417 1030 1451 de
1063 1417 1290 1460 Vespasiano
1325 1416 1426 1451 fama

225 1467 398 1510 solusque
420 1465 584 1500 omnium
603 1466 690 1499 ante
706 1476 743 1500 se
758 1465 967 1509 principum
980 1464 1018 1498 in
1031 1464 1163 1499 melius
1179 1466 1342 1499 mutatus
1358 1468 1425 1500 est.

151 1516 194 1547 49
224 1524 276 1558 sq.
297 1513 457 1548 Martial.
480 1523 536 1557 ep.
557 1511 713 1546 XXXIII
732 1511 864 1546 Flauia
884 1522 985 1556 gens,
1007 1513 1186 1556 quantum
1206 1511 1275 1545 tibi
1294 1511 1426 1546 bertius

225 1560 380 1596 abstulit
405 1561 530 1594 heres!
557 1569 672 1603 paene
698 1558 770 1593 fuit
794 1559 891 1593 ’canti
915 1569 988 1593 non
1014 1557 1187 1593 habuisse
1214 1559 1315 1593 duos.

151 1610 195 1640 54
221 1606 317 1643 Plin.
351 1618 482 1652 paneg.
512 1611 549 1651 6,
580 1612 595 1640 1
630 1606 782 1650 (Nerua)
815 1605 1018 1650 imperator
1050 1607 1087 1640 et
1117 1615 1250 1649 parens
1282 1605 1428 1650 generis

221 1654 375 1690 humani
402 1658 438 1698 7,
473 1659 493 1688 4
527 1653 729 1697 eodemque
762 1653 884 1688 animo
911 1653 1036 1688 Nerua
1061 1653 1168 1697 pater
1193 1654 1277 1686 tuus
1309 1652 1427 1687 factus

223 1704 289 1746 est,
317 1712 389 1745 quo
415 1703 496 1736 erat
523 1700 698 1735 omnium.

152 1751 195 1783 56
223 1749 269 1784 cf.
297 1748 450 1783 Sallust.
476 1748 555 1793 Iug.
579 1752 632 1790 10,
659 1751 679 1782 8
706 1758 750 1782 ne
772 1758 841 1791 ego
867 1746 1037 1781 meliores
1063 1746 1199 1781 liberos
1226 1745 1426 1791 sumpsisse

222 1796 350 1831 uidear
375 1806 487 1840 quam
514 1794 695 1840 genuisse.
742 1794 835 1829 Stat.
865 1793 899 1828 S.
927 1793 961 1828 Π
989 1799 1005 1828 1
1034 1794 1142 1829 natos
1168 1793 1339 1838 genuisse
1366 1805 1427 1828 ne-

223 1853 322 1878 cesse
357 1844 430 1887 est,
461 1843 501 1877 ab
532 1842 666 1886 legisse
698 1841 814 1876 iuuat.
878 1840 924 1876 cf.
952 1840 1072 1876 Galba
1103 1852 1161 1885 ap.
1189 1839 1306 1876 Tacit.
1332 1840 1428 1876 Hist.

223 1890 237 1924 Ι
265 1894 308 1925 16
334 1889 428 1924 Plin.
454 1900 587 1934 paneg.
616 1892 647 1931 7,
676 1892 705 1923 7.
733 1892 789 1932 89,
818 1892 871 1922 12.

154 1940 196 1971 68
226 1949 248 1972 a
273 1937 412 1982 patria:
440 1935 483 1972 cf.
511 1935 606 1970 Plin.
634 1947 766 1980 paneg.
800 1939 831 1979 7,
859 1939 879 1969 5
906 1946 952 1969 an
979 1936 1147 1969 senatum
1174 1934 1429 1979 populumque

224 1985 434 2020 Romanum
468 2009 476 2017 .
511 2009 518 2017 .
554 2009 561 2017 .
601 1983 884 2017 transmissurus
920 1982 983 2017 uni
1019 1992 1249 2016 succesorem
1288 1992 1306 2016 e
1346 1981 1428 2016 sinu

223 2031 347 2067 uxoris
367 2030 528 2075 accipias
551 2058 557 2066 .
580 2059 585 2065 .
610 2034 640 2065 ,ἵν’
661 2041 735 2065 11011
754 2031 872 2064 totam
893 2040 960 2074 per
980 2029 1170 2064 ciuitatem
1192 2027 1428 2064 circumferas

226 2079 350 2114 oculos
373 2104 380 2112 .
405 2104 412 2112 .
434 2082 467 2114 .?
488 2077 737 2123 imperaturus
759 2076 928 2111 omnibus
950 2076 1038 2119 eligi
1053 2076 1164 2110 debet
1184 2086 1227 2109 ex
1247 2075 1427 2111 omnibus.

226 2126 271 2160 cf.
299 2124 418 2160 Galba
445 2125 532 2160 Tac.
561 2136 619 2170 ap.
647 2124 743 2160 Hist.
765 2124 780 2158 Ι
803 2128 844 2158 15
871 2123 1060 2168 Augusfius
1086 2123 1124 2157 in
1151 2123 1259 2157 domo
1288 2133 1428 2157 succes-

225 2184 344 2209 sorem
370 2172 566 2216 quaesiuit,
594 2183 663 2216 ego
689 2170 726 2205 in
753 2170 954 2215 republica.

155 2225 197 2255 73
226 2232 305 2265 sqq.
332 2219 521 2264 Lamprid.
549 2218 738 2254 Commod.
761 2218 787 2260 Ι,
809 2221 840 2252 8.
865 2221 896 2260 8,
920 2221 950 2251 7.
975 2222 1029 2260 11,
1052 2221 1071 2252 9
1099 2228 1177 2260 sqq.
1220 2221 1333 2258 12,10
1349 2227 1427 2261 sqq.

228 2271 282 2311 13,
309 2271 341 2301 3.

157 2318 199 2350 76
228 2314 271 2349 cf.
301 2312 496 2358 Capitolin.
523 2313 570 2347 M.
598 2314 682 2348 Ant.
712 2312 844 2357 philos.
876 2315 929 2355 19,
959 2316 988 2346 6.
