1563 2511
602 55 862 97 —ss-

241 158 394 214 Surge,
425 163 630 215 nugator,
662 161 885 203 lacerande
917 161 1070 218 uirgis:

241 217 393 274 Surge,
424 233 476 260 ne
508 220 663 275 longus
695 220 777 262 tibi
809 235 999 271 somnus,
1035 221 1140 262 unde

239 276 339 319 Non
371 277 517 332 times,
550 278 688 321 detur:
721 294 823 333 rape
857 280 1050 321 membra
1081 280 1218 334 molli,

462 337 691 393 Parmeno,
723 338 848 380 lecto.
1363 349 1408 381 20

234 442 340 484 Fors
373 446 415 485 et
446 443 551 485 haec
584 458 782 485 somnum
814 443 894 484 tibi
927 444 1142 485 cantilena

235 500 450 556 Sapphico
484 503 635 544 suadet
667 502 882 544 modulata
915 502 1070 544 uersu?

234 560 411 603 Lesbiae
444 561 610 615 depelle
643 561 814 603 modum
848 561 1026 616 quietis,

462 621 572 662 Acer
604 620 756 662 iambe.

3 785 18 809 1
39 784 111 817 [1521
573 770 881 806 PARECBASIS.

340 855 468 908 Puer,
499 855 584 910 eia,
616 869 744 910 surge
777 858 819 896 et
851 856 1016 897 calceos
1374 868 1408 893 25

339 914 398 956 Et
428 915 609 956 linteam
641 914 695 955 da
728 914 962 956 sindonem.

341 973 424 1026 Da,
457 973 663 1028 quidquid
697 976 777 1027 est,
811 974 987 1015 amictui

341 1031 460 1081 Quod
492 1032 579 1074 iam
611 1033 793 1087 parasti,
826 1034 874 1074 ut
906 1033 1125 1087 prodeam.

341 1090 408 1132 Da
439 1106 535 1133 rore
567 1091 744 1133 fontano
778 1092 951 1133 abluam
1389 1103 1408 1134 5

341 1149 491 1192 Manus
525 1153 567 1192 et
600 1165 646 1192 os
680 1153 721 1192 et
753 1151 929 1193 lumina.
1377 1163 1412 1188 30

341 1209 596 1264 Pateatque,
629 1209 716 1264 fac,
750 1211 985 1251 sacrarium

341 1267 471 1310 Nullo
503 1274 655 1323 paratu
688 1269 971 1310 extrinsecus:

340 1326 417 1368 Pia
449 1328 598 1382 uerba,
630 1330 734 1369 uota
765 1328 960 1382 innoxia,

344 1385 424 1427 Rei
456 1387 626 1428 diuinae
660 1387 782 1440 copia
815 1390 892 1430 est.
1369 1399 1410 1429 10

341 1444 431 1486 Nec
464 1449 534 1486 tus
567 1449 839 1487 cremandum
871 1449 1040 1501 postulo
1377 1458 1411 1483 35

341 1504 433 1545 Nec
465 1505 554 1546 liba
586 1505 718 1546 crusti
752 1505 914 1555 mellei,

342 1562 628 1617 Foculumque
661 1563 750 1605 uiui
783 1565 984 1618 caespitis

342 1621 478 1664 Vanis
511 1623 706 1677 relinquo
742 1623 965 1665 altaribus.

343 1680 459 1722 Deus
492 1681 729 1736 precandus
764 1684 829 1723 est
862 1682 967 1723 mihi
1368 1693 1410 1723 15

343 1740 406 1781 Ac
437 1740 551 1782 filius
586 1741 739 1782 summi
773 1741 855 1794 dei,
1377 1753 1411 1778 40

345 1798 552 1840 Maiestas
585 1800 710 1840 unius
744 1800 877 1852 modi,

347 1856 518 1899 Sociata
552 1872 671 1899 sacro
706 1858 871 1912 spiritu.

155 2001 199 2031 22
228 1996 353 2032 saffico
388 1997 421 2030 Γ
491 2001 534 2031 23
562 1996 718 2032 Lesbiae
746 1997 910 2043 Scaliger
933 2001 965 2041 1,
982 2000 1001 2032 7
1029 1997 1138 2032 lesbii
1172 1997 1227 2041 Vl
1259 1976 1411 2032 modiiiun

62 2068 124 2112 (αῖ.
151 2070 258 2111 corr.)
290 2067 325 2101 V
345 2050 470 2102 lesbos
497 2066 618 2102 insula
645 2068 746 2102 urbis
773 2057 963 2103 methinae
990 2069 1145 2113 antiqua
1169 2078 1214 2102 m.
1241 2079 1354 2113 mary.
1384 2068 1418 2102 V

0 2152 36 2184 V
158 2149 192 2183 ΙΙ
219 2163 298 2184 mm
325 2162 532 2184 PARECBASIS
559 2139 728 2184 ASAFFICO
757 2151 793 2194 (A
813 2151 860 2184 al.
880 2153 939 2194 33.)
965 2163 1011 2184 AD
1039 2163 1217 2184 mmmmm
1242 2150 1330 2186 min.
1358 2151 1412 2194 (in

61 2208 175 2242 mary.
203 2199 316 2242 antiq.
343 2209 387 2232 m.
415 2202 482 2231 Min
508 2197 669 2232 iambico
697 2198 949 2241 quaternario)
977 2197 1010 2231 V
1079 2201 1099 2231 5
1126 2196 1294 2232 fontano:
1323 2208 1346 2231 a
1370 2209 1414 2232 ex

64 2257 82 2280 e
110 2256 199 2280 corr.
229 2244 260 2278 V
349 2248 368 2278 6
395 2245 462 2278 hos
499 2244 531 2277 V
608 2248 627 2278 9
655 2255 769 2279 uerua
805 2244 835 2278 V
917 2249 958 2279 13
986 2245 1148 2289 csespitis
1175 2245 1211 2288 (a
1237 2247 1351 2287 eraso)
1383 2244 1418 2278 V

115 2296 156 2327 15
184 2291 271 2327 mici
302 2291 336 2325 V
430 2296 472 2326 16
500 2292 569 2326 hac
604 2291 637 2325 Γ
734 2296 775 2327 18
803 2291 935 2336 spiritu
968 2292 1118 2327 Vinctus
1145 2291 1293 2337 spiritui
1324 2291 1358 2325 V
