1563 2511
617 36 912 77 -89-

94 141 286 183 Inuidiae
319 141 516 183 obicitur.
565 155 727 195 pernox
759 144 823 182 est
854 156 955 183 cura
986 142 1170 197 disertis3

95 199 168 241 Set
198 199 314 241 rudis
348 202 502 241 ornatu
533 200 648 241 uitae
681 203 808 241 caret.
859 202 950 241 esto
982 204 1208 255 patronus,
1393 213 1438 244 40

91 258 151 300 Et
183 258 358 300 defende
390 273 504 300 reos:
537 262 602 299 set
634 258 775 313 gratia
806 273 904 299 rara
936 259 1117 301 clientis.

92 317 199 359 Esto
234 318 385 359 cliens:
418 317 562 372 grauis
594 317 785 371 imperiis
817 332 1003 372 persona
1033 319 1216 372 patroni.

92 376 308 418 Exercent
339 376 452 417 hunc
484 378 586 417 uota
617 378 808 431 patrum:
841 391 940 418 mox
974 391 1125 431 aspera
1158 378 1269 418 curis

93 433 345 476 Sollicitudo
380 435 506 476 subit.
558 435 845 476 contemnitur
879 435 984 476 orba
1016 438 1209 477 senectus

92 493 150 535 Et
183 495 415 549 captatoris
447 494 607 547 praeda
640 497 705 535 est
735 493 903 535 heredis
937 507 1107 548 egenus.
1393 506 1438 535 45

92 552 241 593 Vitam
273 567 428 606 parcus
462 566 582 607 agas:
616 552 731 594 auidi
762 552 1005 594 lacerabere
1036 553 1171 607 fania,

91 610 149 652 Et
180 612 433 667 largitorem
466 612 640 666 grauius
674 626 852 653 censura
882 612 1066 654 notabit.

94 668 258 712 Cuncta
289 671 370 712 tibi
404 670 595 711 aduersis
629 671 845 712 contraria
877 671 1060 712 casibus.
1111 684 1212 726 ergo

92 728 264 783 Optima
297 728 525 771 Graiorum
558 730 790 770 sententia:
824 730 983 784 quippe
1015 730 1181 772 homini
1215 729 1334 770 aiunt

91 787 190 830 Non
215 789 333 830 nasci
361 803 453 830 esse
482 788 641 829 bonum
669 791 742 829 aut
766 791 916 829 natum
945 789 1029 830 cito
1056 792 1192 830 morte
1218 788 1359 843 potiri.
1393 800 1438 830 50

181 905 315 957 [Haec
343 906 513 960 quidem
539 906 829 961 Pythagorica
856 910 922 948 est
948 906 1178 960 apophasis
1207 907 1439 948 seeundum

90 964 176 1005 tale
209 965 320 1019 quod
354 965 592 1006 subiectum
624 969 689 1006 est
721 965 955 1007 distichon:

167 1029 346 1077 πρῶτον
379 1022 459 1078 μὲν
491 1020 549 1078 μὴ
583 1024 723 1077 φῦναι
756 1023 804 1065 ἐν
835 1020 1145 1077 ἀνθρώποισιν
1176 1021 1379 1078 ἄριστον,

169 1080 379 1136 δεύτερον
412 1081 505 1124 ὅττι
536 1080 717 1137 τάχιστα
749 1083 889 1132 πύλας
916 1079 1065 1124 Ἀίδαο
1098 1083 1296 1137 περῆσαι.

91 1141 252 1183 Contra
285 1142 356 1183 sed
391 1142 566 1182 alterius
601 1144 790 1183 sectator
822 1142 1037 1196 dogmatis
1070 1142 1154 1183 ista
1394 1153 1437 1184 55

150 1200 257 1249 Quid
290 1200 727 1254 doceatreprobans,
760 1201 932 1242 subdita
965 1200 1080 1242 disce
1112 1201 1278 1256 legens:

90 1259 232 1313 „Ergo
265 1259 375 1300 nihil
407 1260 608 1314 quoniam
641 1259 732 1301 uita
764 1262 830 1301 est
863 1259 975 1314 quod
1009 1274 1198 1301 amemus
1231 1260 1276 1300 in
1308 1260 1409 1313 ista,

127 1409 149 1444 C
185 1367 228 1397 53
255 1362 380 1398 Midae
401 1362 545 1398 Silenus
566 1362 756 1398 ferebatur
776 1363 866 1399 olim
888 1363 1024 1398 dixisse
1049 1363 1166 1408 (Stob.
1185 1363 1281 1399 Flor.
1301 1362 1398 1398 CXX
1418 1368 1439 1398 4

90 1411 122 1444 X
147 1410 240 1444 ‘VIII
263 1414 320 1453 57)

298 1454 424 1502 Ἀρχὴν
451 1457 534 1514 μὲν
533 1455 594 1513 μὴ
622 1458 742 1514 φῦναι
770 1455 1043 1514 ἐπιχθονίοισιν
1070 1453 1240 1502 ἄριστον

303 1503 427 1549 φύντα
455 1502 491 1539 δ’
521 1501 620 1545 ὅπως
647 1502 786 1539 ὤκιστα
811 1503 929 1545 πύλας
952 1502 1071 1539 ῊΑιὸαο
1099 1506 1270 1549 περῆσαι.

91 1551 278 1596 Theognis
305 1555 372 1586 425
395 1564 474 1597 sqq

303 1597 454 1633 πάντων
482 1611 549 1642 μεν
577 1596 626 1643 μὴ
655 1600 774 1643 φῦναι
803 1595 1076 1655 ἐπιχθονιοισιν
1105 1596 1255 1642 ἄριστον

350 1643 439 1691 μηδ
469 1644 608 1681 ἐσιὸειν
636 1644 755 1690 αὐγὰς
782 1643 886 1688 ὀξέος
912 1642 1057 1702 ἠελίου·

303 1692 427 1737 φύντα
454 1690 490 1728 δ’
521 1689 621 1733 ὅπως
649 1691 787 1727 ὤκιστα
812 1691 931 1732 πύλας
953 1689 1072 1728 Ἀίδαο
1098 1694 1260 1737 περῆσαι

350 1741 413 1775 καὶ
440 1743 593 1776 κεῖσθαι
618 1738 756 1785 πολλὴν
783 1741 852 1785 γῆν
882 1737 1184 1786 ἕπαμησοέμενον.

184 1838 228 1869 39
254 1835 430 1870 imuidiae
462 1834 519 1878 V]
549 1833 705 1870 desertis
731 1834 768 1868 P
853 1837 898 1869 40
925 1837 957 1869 et
982 1838 1025 1869 41
1054 1835 1124 1880 set]
1159 1834 1194 1870 V
1287 1838 1333 1869 44
1358 1839 1439 1879 post

91 1881 191 1916 subit
227 1882 299 1917 duo
337 1883 560 1917 hemistichia
597 1883 770 1917 eoecidz'sse
807 1882 1016 1926 suspicatur
1048 1881 1210 1917 Schenkl.
1240 1882 1244 1927 Ι
1274 1883 1437 1916 conteni-

90 1929 150 1962 tur
176 1929 212 1963 P
282 1933 325 1963 45
353 1929 597 1974 captatatoris
623 1929 660 1963 P
687 1930 691 1973 l
727 1928 846 1964 eredis
880 1929 914 1963 V
943 1931 948 1973 1
984 1930 1134 1974 etgenvs
1161 1929 1196 1964 V
1265 1933 1309 1964 46
1337 1929 1438 1963 abidi

90 1975 299 2010 lacerauere
332 1976 367 2010 V
460 1980 503 2012 47
530 1977 676 2011 notauit
707 1976 742 2011 V
773 1975 921 2010 notabis
950 1976 986 2010 P
1080 1981 1124 2011 48
1152 1976 1328 2011 aduersus
1357 1977 1392 2010 P

91 2026 135 2056 50
161 2024 290 2057 natum
317 2025 381 2058 aut
406 2023 442 2058 P
468 2026 479 2069 Ι]
511 2035 601 2068 quae
626 2027 796 2059 secuntur
821 2024 862 2057 ‘in
887 2034 960 2058 ww
986 2023 1023 2057 P
1046 2024 1191 2067 eiusque
1217 2024 1440 2069 apoyraphis
1472 2026 1515 2058 P

92 2069 407 2117 Guelpherbytano
440 2071 535 2106 Gucl.
565 2073 633 2106 145
666 2074 698 2105 et
727 2070 924 2106 Marciano
957 2071 1018 2105 lat.
1049 2071 1147 2104 XII
1172 2074 1220 2106 69
1253 2072 1439 2116 Ieyuntur:

91 2127 156 2151 om.
184 2117 218 2152 V

185 2179 228 2210 51
256 2176 496 2221 poetagorica
521 2177 580 2219 Pl
609 2176 770 2222 apofasis
796 2176 832 2210 P
856 2176 915 2220 (cf.
937 2176 1045 2221 Dioy.
1071 2176 1195 2211 Laert.
1222 2176 1250 2209 Ι
1265 2178 1324 2217 40)
1395 2179 1438 2210 53

91 2223 236 2265 πρῶτον
266 2224 397 2268 Peiper
422 2235 544 2258 umora
572 2224 608 2258 P
629 2227 632 2258 1
656 2233 1086 2268 ψοιᾘᾶιεΝᾶΗεΡγωΠοῐειΗ
1113 2224 1149 2258 P
1213 2227 1257 2257 54
1284 2234 1439 2257 AeYTPon

92 2269 127 2303 P
153 2272 156 2313 ῐ
188 2281 566 2306 Πγ«κῡ,.ι.Δειοη(ΡΗεειι
591 2271 627 2305 P
697 2275 740 2306 56
768 2270 865 2315 quod
894 2271 931 2304 P
1002 2273 1045 2304 57
1073 2269 1186 2304 nichil
1217 2271 1252 2303 P
