1563 2511
602 54 890 96 —34-

75 159 236 215 Magna
269 160 336 201 cui
370 162 411 201 et
443 159 587 202 uariae
621 161 817 215 quaesita
846 160 1028 215 pecunia
1061 161 1189 203 sortis

135 219 315 260 Heredis
348 219 466 261 nullo
498 220 670 261 nomine
701 223 795 261 tuta
826 220 947 274 perit.

74 278 244 332 Raptus
279 278 391 319 enim
423 278 548 320 laetis
581 282 624 320 eb
656 279 795 320 adhue
826 278 1079 321 florentibus
1113 280 1234 320 annis
1403 290 1424 321 5

135 337 272 378 Trans
306 352 421 378 mare
454 340 497 379 et
528 338 692 393 ignaris
724 338 933 379 fratribus
967 338 1159 392 oppetiit.

75 395 211 438 Iulius
244 396 287 437 in
322 397 497 452 longam
530 397 730 451 produxit
760 397 852 438 faba
884 399 1117 451 senectam,

135 454 342 497 Adfectus
374 455 540 496 damnis
573 456 970 497 innumerabilibus.

78 513 161 563 Qui
193 515 327 555 comis
358 514 628 569 blandusque
662 517 704 555 et
734 529 883 556 mensa
915 514 1162 556 commodus
1195 516 1323 556 uncta

135 572 324 614 Heredes
359 573 451 615 solo
484 573 656 615 nomine
689 588 768 615 nos
801 573 965 615 habuit.
1381 584 1422 614 10

76 631 218 673 Ambo
251 632 328 686 pii,
360 633 486 673 uultu
518 633 695 683 similes,
730 632 825 674 ioca
857 633 968 674 seria
999 632 1141 686 mixti,

137 691 247 732 Aeui
279 691 498 732 fortunam
530 706 617 733 non
649 692 836 733 habuere
868 706 1027 746 parem.

78 749 263 791 Discreti
297 765 556 805 quamquam
587 751 767 792 tumulis
801 754 844 792 et
875 751 1038 792 honore
1072 751 1241 805 iactatis,

137 807 371 850 Commune
403 809 485 850 hoe
516 810 640 850 uobis
673 824 829 851 munus
861 810 1035 851 habete:
1067 810 1176 853 uale.

7 949 78 982 1167]
211 935 309 971 VIII.
347 934 583 971 ATTVSIVS
610 933 1080 972 LVCANVS'TALISIVS
1107 936 1271 972 SOCER.

78 1009 159 1058 Qui
191 1023 388 1063 proceres
421 1011 692 1064 ueteremque
725 1010 843 1051 uolet
873 1011 1089 1052 celebrare
1121 1013 1318 1051 senatum

137 1066 348 1122 Claraque
382 1068 435 1109 ab
469 1071 620 1109 exortu
653 1071 884 1110 stemmata
915 1069 1192 1125 Burdigalae,

77 1126 220 1180 Teque
251 1129 458 1181 tuumque
491 1141 626 1182 genus
659 1130 883 1182 memoret,
915 1128 1086 1170 Lucane
1119 1128 1273 1181 Talisi‚

136 1185 331 1227 Moribus
364 1186 528 1227 ornasti
561 1187 633 1242 qui
664 1189 830 1228 ueteres
862 1202 1060 1241 proauos.

77 1244 261 1286 Pulcher
292 1244 453 1286 honore
486 1246 590 1299 oris,
621 1246 857 1301 tranquillo
889 1249 1064 1300 pectore
1098 1247 1248 1300 comis,
1405 1257 1424 1287 5

136 1303 337 1345 Facundo
371 1305 567 1359 quamuis
599 1305 737 1346 maior
768 1306 821 1346 ab
854 1305 1047 1360 ingenio:

77 1361 250 1404 venatu
282 1364 326 1403 et
356 1363 466 1404 ruris
499 1363 617 1405 cultu
648 1364 873 1418 uictusque
905 1365 1046 1406 nitore

137 1421 272 1463 Omne
305 1436 458 1463 aeuum
489 1436 717 1477 peragens,
748 1423 921 1477 publiea
953 1423 1207 1478 despiciens:

77 1480 210 1522 Nosoi
241 1481 355 1521 inber
385 1481 549 1535 primos
582 1482 773 1536 cupiens,
806 1482 924 1535 prior
957 1497 1049 1523 esse
1082 1497 1302 1536 recusanS,

138 1538 235 1594 Ipse
267 1542 343 1581 ’cuo
375 1540 526 1581 uiuens
559 1555 764 1596 segregus
798 1542 991 1582 arbitrio.
1385 1552 1426 1582 10

78 1598 268 1653 Optabas
300 1601 349 1639 'cu
380 1613 447 1640 me
480 1613 685 1654 generum
718 1600 895 1641 florente
927 1601 1120 1641 iuuenta:

137 1657 296 1712 Optare
329 1657 410 1700 hoo
441 1660 629 1712 tantum,
661 1673 747 1700 non
780 1661 823 1700 eb
854 1659 1011 1700 habere
1044 1659 1202 1700 datum.

78 1715 193 1758 Vota
224 1717 411 1771 probanb
444 1718 586 1772 superi
619 1718 868 1772 meritisque
901 1718 1094 1760 fauentia
1127 1719 1285 1759 sanetis

136 1775 312 1830 Inplent
344 1776 450 1830 fata,
482 1776 564 1817 uiri
596 1777 707 1830 quod
741 1778 912 1819 uoluere
944 1777 1058 1819 boni.

77 1833 136 1874 Et
167 1849 279 1876 nuno
311 1836 506 1889 perpetui
539 1836 671 1877 sentis
705 1837 783 1877 sub
818 1837 980 1878 honore
1012 1837 1214 1891 sepulcri,
1383 1846 1424 1876 15

139 1893 275 1942 Quam
308 1909 508 1936 reuerens
540 1898 666 1935 natae
700 1910 912 1950 quamque
944 1896 1007 1937 tui
1040 1909 1247 1936 maneam.

173 2001 195 2031 4
221 1998 340 2032 eredis
375 1998 421 2031 Vl
444 2000 450 2041 Ι
479 1999 577 2045 tuta]
605 2001 716 2034 cauta
743 2000 875 2044 Peiper
972 2004 992 2034 5
1020 2000 1113 2034 aduc
1146 1999 1193 2032 V1
1291 2002 1311 2033 8
1338 1998 1426 2033 affe-

78 2045 159 2079 chus
194 2045 225 2078 V
258 2047 262 2089 Ι
303 2045 634 2081 innumerauilibus
672 2047 718 2080 V¹
819 2051 861 2082 10
892 2047 1029 2082 Eredes
1071 2047 1104 2081 V
1199 2049 1241 2079 12
1274 2045 1425 2080 habuere

79 2092 139 2135 (al.
164 2093 187 2126 h
214 2096 246 2127 et
272 2104 290 2126 6
316 2095 364 2137 ss)
399 2093 432 2126 V
517 2098 558 2128 13
586 2104 697 2128 onore
732 2095 780 2128 V¹
868 2098 911 2129 14
937 2094 1042 2129 uobis
1071 2093 1147 2137 (ub)
1174 2093 1232 2128 uel
1257 2096 1424 2128 nostrum

80 2140 171 2184 (n‘ffi)
200 2140 331 2184 Peiper
365 2141 468 2175 uerui
502 2141 547 2174 V¹
577 2143 581 2184 1
616 2142 723 2176 abebe
758 2142 792 2175 V

175 2198 261 2233 VIII
287 2203 307 2233 5
327 2199 455 2243 pulcer
474 2199 509 2233 V
577 2203 596 2233 6
618 2201 787 2244 quamuis
809 2201 992 2245 (olimque
1007 2199 1114 2243 cluis)
1128 2199 1259 2244 Peiper
1284 2199 1376 2234 ciuis
1395 2198 1431 2232 V

128 2249 169 2280 11
199 2246 356 2281 obtabas
388 2246 443 2290 V!
471 2247 624 2282 iubenta
652 2247 684 2280 V
756 2252 798 2282 12
826 2248 953 2283 obtare
981 2248 1037 2292 Vl
1066 2248 1175 2282 abere
1207 2246 1241 2281 V
1302 2250 1344 2281 13
1372 2245 1423 2280 fa-

78 2293 208 2328 bentia
232 2293 267 2327 V
362 2297 404 2328 16
430 2294 593 2329 referens
628 2294 660 2327 V
683 2305 773 2330 corr.
797 2295 967 2341 Luydun.
