1563 2511
661 63 708 67 —
777 39 859 80 135
925 63 974 68 —--

143 142 221 184 His
255 142 437 184 donasse
470 142 596 183 locis:
629 145 777 184 tantus
811 144 1033 198 cultusque
1065 146 1263 200 nitorque

144 201 304 242 Adlicit
336 203 378 242 et
407 202 573 242 nullum
604 202 719 254 parit
752 202 982 243 oblectatio
1016 203 1173 245 luxum.

203 259 285 301 Sed
318 259 426 300 mihi
459 260 531 314 qui
561 259 736 300 tandem
768 260 865 301 finis
899 263 972 301 tua
1005 261 1155 315 glauca
1187 263 1343 305 fluenta

142 318 294 360 Dicere
328 318 674 373 dignandumque
706 319 815 360 mari
847 333 1084 361 memorare
1118 320 1362 376 Mosellam,
1418 334 1486 365 350

142 377 360 419 innumeri
393 377 505 431 quod
537 379 579 418 te
612 377 784 418 diuersa
816 392 891 431 per
923 377 1035 419 ostia
1067 379 1152 419 late

142 435 370 478 Incurrunt
403 436 580 477 amnes?
616 450 877 490 quamquam
910 436 1077 478 differre
1110 440 1274 479 meatus

141 495 338 549 Possent,
372 494 446 536 sed
478 495 664 536 celerant
696 495 742 536 in
774 497 816 536 te
849 509 1097 537 consumere
1130 510 1297 537 nomen.

142 553 335 608 Namque
369 556 411 595 et
442 553 647 595 Promeae
679 552 974 609 Nemesaeque
1009 554 1154 595 adiuta
1187 558 1331 596 meatu

142 611 251 653 Sura
281 615 379 653 tuas
411 615 615 666 properat
646 627 732 654 non
765 612 948 667 degener
979 613 1040 653 ire
1074 613 1152 654 sub
1186 614 1340 668 undas,
1421 626 1487 656 355

142 669 251 712 Sura
283 671 530 726 interceptis
564 671 645 713 tibi
679 672 923 727 gratificata
956 671 1146 725 fluentis,

139 729 340 771 Nobilius
372 730 587 784 permixta
619 732 692 771 tuo
728 731 806 771 sub
839 730 1031 784 nomine,
1065 745 1194 784 quam
1228 731 1264 771 si

138 788 384 843 Ignoranda
414 789 530 842 patri
563 789 844 831 confunderet
878 789 988 830 ostia
1019 788 1169 830 Ponto.

139 847 200 888 Te
231 847 405 902 rapidus
438 846 601 902 Celbis,
634 850 676 889 te
710 862 923 889 marmore
956 848 1094 889 clarus
1128 848 1309 889 Erubris

138 905 366 948 Festinant
403 906 576 947 famulis
618 921 744 960 quam
780 907 968 960 primum
1001 906 1246 948 adlambere
1280 907 1487 961 lymphis:

137 964 371 1006 Nobilibus
406 963 549 1006 Celbis
582 966 820 1007 celebratus
854 965 1062 1019 piscibus7
1095 966 1168 1006 ille
1419 978 1486 1008 361

138 1023 370 1078 Praecipiti
401 1026 604 1078 torquens
639 1025 819 1066 cerealia
852 1039 954 1065 saxa
987 1027 1132 1065 rotatu

138 1081 459 1136 Stridentesque
491 1083 665 1124 trahens
698 1098 775 1137 per
805 1083 918 1123 leuia
950 1097 1165 1124 marmora
1198 1097 1335 1124 serras

137 1141 272 1182 Audit
302 1143 532 1195 perpetuos
570 1141 664 1195 ripa
696 1156 746 1183 ex
778 1144 960 1195 utraque
992 1142 1215 1182 tumultus.

137 1200 363 1242 Praetereo
398 1200 551 1241 exilem
583 1199 789 1241 Lesuram
821 1203 1076 1254 tenuemque
1110 1199 1361 1241 Drahonum
1419 1212 1486 1243 365

136 1258 226 1300 Nec
257 1258 476 1300 fastiditos
510 1257 735 1300 Salmonae
767 1273 928 1312 usurpo
962 1258 1136 1299 fluores:

137 1317 331 1373 Nauiger
363 1317 576 1359 undisona
609 1317 767 1359 dudum
800 1331 867 1358 me
900 1318 1011 1358 mole
1045 1317 1229 1358 Sarauus

231 1436 298 1468 359
331 1433 493 1467 riuulum
517 1433 665 1468 nomine
691 1432 917 1476 Ruouerius,
951 1432 1110 1468 miliario
1138 1433 1184 1467 ab
1210 1433 1300 1468 urbe
1328 1433 1487 1467 secundo

137 1481 294 1515 alterum
321 1479 494 1523 riuulum,
521 1480 585 1524 qui
605 1481 778 1515 Ruouora
796 1482 963 1523 uocatur,
989 1490 1173 1515 marmore
1194 1480 1412 1514 habundans
1434 1482 1488 1514 in-

137 1528 322 1562 fluentem.
372 1526 505 1562 Annal.
534 1528 781 1563 Treuerenses
810 1528 931 1572 (Pertz
959 1526 1008 1561 SS
1036 1527 1123 1562 VIII
1151 1530 1228 1571 132,
1256 1530 1326 1571 24).

185 1648 251 1679 347
268 1647 394 1680 tantus
416 1659 442 1680 ω
466 1646 612 1680 tantum
632 1645 831 1680 Mommsen
899 1648 966 1679 348
989 1645 1108 1680 allicit
1128 1658 1155 1679 ω
1219 1647 1285 1679 349
1309 1644 1379 1679 Sed
1400 1645 1486 1679 mai.

136 1693 217 1727 init.
240 1693 306 1727 litt.
338 1692 413 1727 GB
488 1695 555 1727 350
577 1704 646 1737 my.
672 1693 731 1727 sin
757 1706 801 1725 x„
827 1693 862 1726 B
886 1695 890 1736 l
915 1704 984 1736 que
1005 1703 1071 1727 om.
1092 1692 1127 1726 L
1150 1694 1153 1733 Ι
1176 1702 1401 1726 memorasse
1421 1691 1455 1725 L
1479 1691 1484 1737 l

137 1739 311 1774 mosella?
349 1741 448 1783 (cum
474 1740 726 1784 interroyandi
751 1743 853 1783 uota)
880 1739 916 1774 R
948 1739 1106 1774 Mosella
1138 1738 1264 1781 Sabis„
1304 1738 1488 1784 Boeclcz'ngy

185 1789 251 1821 351
278 1787 401 1821 hostia
427 1800 454 1821 ω
488 1786 598 1830 (ostia
626 1786 750 1831 G2B2)
862 1790 929 1821 352
962 1796 1175 1830 quanquam
1204 1785 1323 1821 GRL
1419 1789 1487 1820 353

135 1832 173 1867 in
199 1834 252 1879 te]
281 1833 358 1879 uite
386 1834 420 1868 L
541 1837 611 1868 354
636 1845 781 1878 nanque
809 1847 835 1868 ω
864 1834 950 1878 (LP)
992 1834 995 1879 ι
1036 1833 1229 1878 Promeae]
1258 1832 1409 1878 prosnee
1440 1832 1488 1868 GS

135 1891 297 1925 proneae
334 1880 414 1915 RB
452 1891 592 1924 pronea
629 1883 685 1915 est
716 1882 750 1915 L
781 1892 941 1925 namque
974 1882 1012 1915 et
1043 1881 1147 1925 aquis
1180 1881 1335 1914 Promae
1367 1879 1488 1925 Beryk

134 1928 181 1968 (J
184 1929 208 1962 d
220 1927 388 1962 VvAFz·
413 1927 557 1962 theinl.
584 1927 717 1962 LVII
739 1932 817 1972 15),
851 1939 941 1963 corr.
970 1928 1122 1962 Schenkl
1144 1929 1147 1971 Ι
1171 1927 1332 1961 adducta
1358 1927 1392 1960 L

135 1978 203 2010 357
232 1974 419 2010 nobilibus
446 1975 524 2009 BL
546 1977 551 2019 Ι
580 1986 692 2019 quam
718 1975 763 2020 si]
793 1975 899 2019 quasi
924 1975 958 2009 L
1080 1978 1148 2009 358
1176 1972 1413 2009 confunderet
1439 1974 1486 2009 al.

135 2032 226 2058 corr.
255 2022 288 2056 L
311 2024 315 2066 Ι
338 2022 461 2056 hostia
486 2022 522 2055 R
609 2026 675 2057 359
704 2021 825 2056 Celbis
853 2022 1013 2067 Scaliyer
1040 2025 1073 2063 1,
1093 2025 1130 2065 2,
1157 2020 1276 2066 gelbis
1307 2020 1340 2056 G
1364 2019 1486 2065 belgis

136 2069 257 2103 RBL
279 2070 284 2113 1
308 2069 459 2104 erubrus
485 2069 563 2103 BL
661 2073 728 2104 360
757 2069 933 2104 adlabere
962 2069 996 2104 G
1021 2069 1184 2103 allabere
1210 2068 1246 2102 R
1279 2067 1426 2101 alabere
1453 2066 1488 2101 L

136 2115 339 2151 allambere
365 2116 400 2150 B
498 2120 564 2151 361
593 2115 715 2151 Celbis
742 2116 902 2161 Scalz'yeo·
927 2120 961 2158 1,
987 2119 1023 2158 2,
1055 2115 1161 2150 celsis
1189 2129 1216 2149 ω
1246 2116 1250 2159 Ι
1280 2114 1487 2149 celebratur

136 2162 172 2197 R
271 2167 337 2197 362
370 2163 544 2208 precipiti
573 2163 606 2198 G
637 2163 795 2208 precipit
827 2165 855 2207 (i
881 2174 941 2207 pr.
968 2164 1009 2197 in
1036 2174 1054 2197 e
1081 2164 1143 2206 αῖ.)
1171 2162 1205 2196 L
1303 2164 1370 2196 365
1405 2161 1486 2194 dra-

136 2210 275 2244 honum
305 2210 338 2245 G
363 2210 569 2245 drabonum
594 2210 630 2244 R
655 2211 869 2245 trachorum
895 2210 931 2243 B
964 2209 1166 2244 draconum
1192 2208 1225 2243 L
1323 2211 1389 2241 36ss
1417 2207 1486 2240 sal-

136 2267 243 2291 mone
262 2256 381 2292 GBL
438 2261 504 2291 367
519 2256 684 2301 Nauiger
697 2259 780 2292 mai.
805 2259 872 2292 litt.
894 2258 974 2291 init.
993 2257 1026 2291 G
1048 2259 1052 2300 Ι
1075 2255 1197 2291 mollis
1217 2265 1350 2289 arauus
1365 2253 1486 2288 RBL
