1563 2511
598 39 912 80 —270—

202 145 295 186 Iam
327 145 497 199 patinas
529 144 718 199 implebo
751 159 885 199 meas,
917 146 965 185 ut
996 146 1168 199 parcior
1199 145 1273 199 ille

204 203 418 245 Maiorum
451 204 611 245 mensis
644 203 840 257 applaria
872 217 996 244 sucus
1029 204 1221 245 inundet.

15 285 89 317 [412]
177 274 285 323 Quid
319 277 463 315 autem
495 275 586 315 tam
616 274 801 315 amabile
834 276 1008 328 tamque
1039 274 1274 328 hospitale,
1307 289 1434 329 quam

86 332 200 387 quod
233 336 297 387 tu,
336 335 384 374 ut
422 347 487 374 me
519 333 771 388 participeS‚
812 332 985 374 delicias
1018 335 1114 374 tuas
1148 333 1192 374 in
1223 333 1319 388 ipsa
1350 333 1433 387 pri-

84 391 304 433 mitiarum
335 391 529 433 nouitate
562 391 791 432 defrudas‘?
832 406 856 432 o
889 391 1017 432 melle
1051 392 1234 445 dulcior,
1273 406 1297 433 o
1331 391 1434 434 Gra-

83 450 240 492 tiarum
273 452 502 492 uenustate
533 450 747 504 festiuior‚
781 465 804 492 0
832 450 885 491 ab
913 451 1111 491 omnibus
1137 451 1279 504 patrio
1308 451 1433 492 strin-

84 509 222 563 gende
266 509 513 562 complexu!
565 509 637 550 sed
688 509 793 550 haec
838 511 966 564 atque
1012 509 1097 550 alia
1146 509 1273 550 huius
1318 509 1434 550 modi

84 567 342 609 documenta
367 567 562 609 liberalis
584 567 715 609 animi
742 567 898 621 aliquis
920 568 1104 609 fortasse
1126 570 1169 609 et
1191 567 1435 622 aliquando,

84 627 281 681 quamuis
308 641 449 667 rarus:
476 626 583 667 illud
610 627 659 667 de
681 626 960 680 epistularum
988 629 1159 668 tuarum
1181 627 1434 681 eruditione,

83 685 133 726 de
171 686 384 739 poematis
423 685 708 738 iucunditate,
751 685 801 726 de
839 686 1088 727 inuentione
1127 688 1170 726 et
1208 686 1434 728 concinna-

83 744 199 785 tione
245 744 338 785 iuro
384 744 527 785 omnia
571 744 680 784 nulli
724 758 929 798 umquam
972 744 1184 786 imitabile
1228 744 1433 799 futurum,

83 803 164 844 etsi
196 803 386 843 fateatur
424 802 692 843 imitandum.
755 802 805 843 de
838 817 921 857 quo
955 804 1177 857 opusculo,
1214 806 1263 844 ut
1300 804 1434 858 iubes,

81 861 251 903 faciam.
301 861 548 915 exquisitim
578 862 779 902 uniuersa
810 861 973 903 limabo
1000 864 1042 903 et
1068 862 1263 916 quamuis
1291 876 1365 916 per
1390 865 1432 903 te

82 935 233 962 manus
267 934 435 961 summa
466 919 716 974 contigerit,
749 920 915 961 caeluni
945 921 1180 976 superfluae
1208 921 1431 974 expolitio-

80 979 147 1020 nis
190 979 420 1031 adhibebo,
466 978 605 1034 magis
643 982 692 1020 ut
728 979 809 1020 tibi
847 994 1041 1034 paream,
1085 994 1214 1034 quam
1252 982 1300 1020 ut
1339 995 1431 1034 per-

80 1038 204 1079 fectis
238 1038 400 1092 aliquid
433 1037 625 1079 adiciam.
676 1038 841 1079 interca
879 1041 1043 1093 tamen,
1081 1053 1134 1079 ne
1174 1039 1263 1079 sine
1296 1039 1433 1081 corol-

81 1097 190 1138 lario
221 1097 392 1151 poetico
424 1097 678 1138 tabellarius
710 1100 810 1138 tuus
842 1098 1018 1151 rediret,
1056 1098 1205 1151 paucis
1238 1098 1432 1139 iambicis

80 1155 415 1210 praeludendum
447 1156 617 1209 putaui,
657 1156 757 1196 dum
788 1156 915 1207 illud,
958 1157 1070 1211 quod
1104 1172 1128 1197 a
1160 1170 1227 1198 me
1261 1157 1432 1198 heroico

80 1218 216 1256 metro
270 1214 506 1268 desideras,
556 1215 795 1256 incohatur.
858 1216 933 1257 isti
982 1218 1146 1269 tamen,
1197 1216 1258 1256 ita
1300 1218 1343 1256 te
1389 1218 1432 1257 et

79 1273 337 1327 Hesperium
376 1274 521 1314 saluos
558 1273 760 1328 habeam,
804 1274 916 1328 quod
961 1275 1102 1329 spatio
1142 1274 1431 1316 lucubratiun—

79 1333 200 1374 culae
239 1332 362 1373 unius
403 1332 542 1387 effusi,
581 1347 843 1386 quamquam
882 1333 963 1375 hoc
1001 1333 1085 1388 ipsi
1118 1333 1167 1374 de
1201 1347 1246 1374 se
1277 1334 1430 1388 proba—

79 1392 205 1446 bunt,
230 1394 377 1432 tamen
395 1391 504 1432 nihil
526 1391 774 1446 diligentiae
794 1392 1014 1434 ulterioris
1034 1392 1289 1434 habuerunt.
1320 1392 1429 1434 uale.

9 1473 81 1505 1413]
136 1461 284 1503 Iambe
315 1461 489 1502 Parthis
524 1464 565 1502 et
598 1460 825 1516 Cydonum
860 1461 1055 1517 spiculis,

77 1520 226 1562 Iambe
258 1520 401 1574 pinnis
435 1520 589 1561 alitum
621 1520 829 1575 uelocior,

174 1627 216 1658 11
243 1623 322 1658 Iam
347 1625 429 1659 init.
455 1625 542 1660 min.
569 1635 636 1660 scr.
661 1625 695 1659 T
713 1627 717 1668 Ι
746 1626 893 1669 patmus
908 1627 952 1670 (5³)
977 1625 1010 1660 T
1029 1627 1033 1670 Ι
1054 1625 1155 1671 ptior
1178 1625 1211 1660 T
1232 1626 1374 1671 partior
1396 1626 1430 1661 G

76 1671 204 1717 pacior
232 1671 281 1705 M
378 1676 420 1706 12
446 1672 640 1716 appalaria
669 1672 702 1706 T
731 1674 792 1716 (ap
819 1684 863 1707 ex
888 1672 935 1707 ab
961 1674 1019 1707 uel
1045 1673 1092 1708 ad
1117 1673 1176 1708 uel
1200 1672 1236 1708 al
1267 1673 1311 1718 T)
1343 1683 1429 1718 apa-

76 1719 171 1754 laria
198 1718 290 1753 GM
313 1729 404 1754 corr.
421 1719 584 1765 Scaliyer
607 1722 610 1762 Ι
635 1730 763 1754 succus
785 1719 819 1752 Z
916 1724 957 1754 13
986 1720 1085 1763 quod
1106 1721 1141 1754 Z
1163 1731 1254 1756 corr.
1270 1720 1391 1755 Paris.
1421 1721 1425 1766 Ι

75 1765 304 1811 hospitabile
334 1766 368 1800 T
458 1770 500 1800 14
526 1768 567 1800 tu
593 1767 649 1812 ut]
677 1767 720 1800 ut
745 1777 809 1801 om.
842 1767 930 1801 TM
1012 1772 1054 1802 15
1081 1766 1279 1802 defraudas
1307 1767 1393 1802 GM
1421 1767 1424 1813 Ι

77 1815 97 1848 ὁ
124 1817 175 1847 ter
204 1813 260 1855 Tl
283 1813 490 1858 gratiarum
514 1814 563 1847 M
585 1817 617 1848 et
637 1813 833 1855 Heinsius,
860 1815 928 1858 gia
958 1814 990 1849 T
1012 1814 1156 1859 gratiae
1185 1815 1219 1850 G
1293 1818 1336 1850 16
1361 1815 1426 1849 ho—

75 1859 236 1894 minibus
252 1860 343 1895 GM
412 1864 454 1895 17
475 1859 545 1895 hoc
564 1861 596 1895 T
667 1864 710 1895 18
731 1860 882 1905 aliquis:
902 1865 1077 1905 punctum
1097 1873 1206 1906 super
1226 1874 1242 1896 s
1261 1863 1303 1896 Μ’
1321 1863 1347 1905 f.
1369 1863 1401 1897 T
1419 1863 1423 1908 Ι

75 1907 234 1942 fortasse
267 1906 478 1941 imitabitur
505 1907 656 1943 Schenkl
755 1911 796 1943 19
831 1908 1072 1953 epistolarum
1099 1910 1134 1942 Z
1229 1913 1273 1944 20
1300 1910 1426 1944 iocun-

76 1954 193 1989 ditate
224 1954 311 1988 TM
338 1956 342 1998 Ι
371 1954 650 1989 continuatione
680 1956 714 1991 G
745 1956 1023 1991 continuatione
1053 1957 1101 1990 M
1172 1959 1215 1990 21
1242 1956 1336 1991 nulli
1361 1957 1426 1991 nfi-

77 2013 187 2046 quam
218 2001 251 2036 T
320 2005 365 2036 23
392 2001 614 2045 exquisitius
643 2002 734 2037 GM
807 2006 852 2037 26
880 2003 1056 2047 adjiciam
1086 2002 1120 2037 G
1149 2005 1153 2045 Ι
1186 2003 1366 2038 corolario
1394 2003 1427 2038 G

76 2048 255 2083 corelario
285 2049 331 2082 M
404 2052 447 2083 29
475 2049 646 2083 incoatur
672 2050 721 2084 M
744 2049 940 2084 inchoatur
969 2050 1002 2085 T
1072 2054 1115 2084 30
1143 2061 1215 2093 quo
1242 2051 1360 2094 spatio
1381 2051 1431 2084 M

123 2123 167 2154 31
192 2098 303 2153 ssffusi
329 2106 436 2153 &nius
466 2119 499 2153 T
527 2119 532 2163 ι
566 2119 659 2154 haec
690 2119 763 2156 TG
783 2122 793 2165 ιι

171 2178 228 2212 Ad
253 2178 419 2213 iambum
446 2189 594 2213 carmen
620 2189 727 2212 suum
750 2178 783 2213 T
807 2179 959 2223 (minio),
983 2179 1016 2214 G
1036 2190 1100 2214 om.
1121 2179 1170 2213 M
1254 2184 1269 2213 1
1299 2180 1425 2216 lambe

75 2226 363 2317 {mgggssfflffs’cr’
396 2225 452 2270 ΤΙ
481 2225 598 2270 partis
629 2224 684 2270 Tl
717 2224 905 2270 Cydonum
934 2228 1124 2262 Amantius
1151 2226 1321 2262 sinodum
1347 2228 1382 2261 Z

1459 689 1503 721 20

1457 1277 1501 1307 30
