1563 2511
59 231 105 264 35

57 526 104 557 40

56 819 102 851 45

57 1115 101 1146 50

648 55 971 96 —224—

132 162 205 215 qui
248 160 411 202 frontes
455 160 678 202 hominum
726 160 882 216 aperit,
926 164 1092 203 mentes
1137 162 1266 216 tegit:
1309 161 1372 203 ibi
1415 176 1482 204 me

133 223 176 262 et
212 222 436 274 parentem
474 221 516 260 et
555 221 739 261 amicum
784 223 844 274 et,
889 220 925 261 si
970 220 1071 274 quid
1114 223 1297 275 utroque
1342 221 1482 262 carius

131 282 210 333 est,
241 279 451 320 cariorem
482 278 615 321 fuisse
649 279 834 321 sensisti.
888 281 954 320 set
986 279 1190 321 abeamus
1223 280 1276 321 ab
1309 279 1398 321 his:
1429 294 1483 321 ne

130 338 216 379 ista
258 337 365 379 haec
403 338 738 380 conmemoratio
778 338 831 378 ad
868 338 988 378 illam
1021 336 1169 380 Sosiae
1206 338 1483 380 formidinem

130 397 328 438 uideatur
366 396 576 438 accedere.
637 396 764 450 illud,
813 396 926 451 quod
963 410 1099 450 paene
1137 396 1357 451 praeterii,
1400 411 1484 452 qua

131 455 421 497 adfectatione
461 455 680 509 addidisti,
718 457 767 496 ut
806 455 858 496 ad
890 458 933 496 te
966 455 1270 497 didascalicum
1308 456 1482 511 aliquod

130 515 384 569 opusculum
412 517 486 555 aut
512 529 753 556 sermonem
780 515 1093 569 protrepticum
1113 514 1358 556 mitterem?
1402 529 1481 570 ego

128 577 171 615 te
216 574 378 615 docebo
425 573 640 614 docendus
680 573 836 626 adhuc,
875 574 911 614 si
950 588 1087 614 essem
1131 573 1174 614 id
1214 574 1390 627 aetatis,
1433 577 1482 616 ut

128 631 364 674 discerem?
416 634 491 673 aut
522 645 601 687 ego
628 634 671 673 te
696 635 900 687 uegetum
927 634 1055 687 atque
1083 632 1270 674 alacrem
1298 646 1482 674 commo-

127 692 268 733 nebo?
337 691 483 732 eadem
529 706 658 745 opera
696 694 738 732 et
776 690 919 732 Musas
958 691 1186 746 hortabor,
1226 694 1276 732 ut
1312 694 1481 745 canant,

129 752 172 791 et
203 750 358 804 maria,
389 751 437 791 ut
468 750 664 804 effluant,
704 752 746 791 et
778 764 922 804 auras,
960 752 1009 791 ut
1039 750 1236 806 uigeant,
1269 753 1312 792 et
1347 751 1482 805 ignes,

128 812 176 851 ut
205 810 386 863 caleant,
419 808 677 850 admonebo:
710 811 764 862 et,
796 809 833 850 si
859 809 961 863 quid
987 809 1134 850 inuitis
1161 824 1330 864 quoque
1354 809 1480 851 nobis

128 870 284 909 natura
316 868 378 922 fit,
411 869 650 922 superfluus
676 868 907 923 instigator
932 869 1118 922 agitabo.
1172 870 1240 909 sat
1265 871 1331 910 est
1355 869 1481 910 unius

128 928 298 981 erroris,
330 927 444 981 quod
476 927 637 982 aliquid
670 941 864 968 meorum
890 941 958 968 me
984 927 1229 981 paenitente
1254 928 1480 983 uulgatum

129 989 212 1040 est-3
257 986 369 1041 quod
407 987 521 1028 bona
558 986 734 1028 fortuna
771 986 816 1027 in
854 1000 1007 1027 manus
1047 986 1283 1028 amicorum
1320 986 1481 1028 incidit.

127 1060 228 1087 nam
269 1046 305 1087 si
343 1048 494 1087 contra
531 1046 574 1086 id
607 1046 838 1098 euenisset,
875 1059 953 1086 nec
983 1048 1030 1086 tu
1062 1045 1169 1086 mihi
1202 1046 1479 1100 persuaderes

128 1105 298 1159 plaeere
330 1120 398 1146 me
427 1119 567 1159 posse.
615 1105 721 1146 haec
747 1104 800 1145 ad
827 1104 992 1145 litteras
1019 1107 1116 1145 tuas
1142 1119 1351 1158 responsa
1377 1104 1484 1146 sint:

128 1166 288 1218 cetera,
324 1178 433 1218 quae
465 1178 640 1206 noscere
675 1178 794 1217 aues7
827 1163 1037 1217 conpendi
1068 1163 1242 1218 faciam3
1285 1163 1346 1205 sic
1379 1178 1481 1218 quo-

127 1237 209 1276 que
234 1223 323 1263 iam
349 1224 480 1278 longa
505 1226 571 1264 est
594 1222 789 1277 epistula.
821 1221 1039 1263 Iulianum
1058 1225 1204 1263 tamen
1223 1223 1480 1263 familiarem

126 1282 278 1323 domus
317 1284 506 1336 uestrae,
545 1282 581 1323 si
619 1281 719 1336 quid
759 1281 810 1321 de
847 1281 971 1322 nobis
1003 1282 1340 1335 percontandum
1372 1281 1482 1322 arbi-

222 1401 267 1431 34
295 1396 421 1432 Cicero
448 1409 515 1442 pro
541 1397 666 1432 Plane.
689 1401 720 1440 6,
744 1401 786 1432 16
813 1397 955 1432 tabella
982 1408 1075 1441 quae
1101 1397 1240 1432 frontes
1267 1398 1388 1442 aperit
1414 1398 1478 1433 ho-

125 1444 284 1488 minum,
311 1445 455 1479 mentes
481 1445 586 1489 tegit.

220 1496 264 1526 37
291 1491 435 1526 Terent.
462 1491 575 1526 Andr.
602 1491 618 1525 Ι
647 1495 678 1535 1,
706 1496 748 1526 16
776 1494 850 1537 (43)

219 1542 262 1573 41
291 1539 418 1574 Horat.
446 1538 513 1583 Ep.
541 1538 557 1572 I
585 1542 639 1583 17,
667 1544 686 1574 3
718 1539 817 1574 disce
844 1539 1032 1574 docendus
1060 1539 1191 1574 adhuc.

219 1649 264 1679 34
290 1645 385 1691 legit
415 1645 471 1688 Vj
494 1645 547 1680 ibi
572 1645 647 1691 me]
676 1656 734 1679 me
760 1645 829 1679 tibi
856 1657 875 1679 6
973 1648 1017 1679 35
1044 1644 1157 1689 siquit
1187 1644 1233 1678 V¹
1332 1649 1376 1680 36
1404 1646 1476 1692 set]

130 1692 174 1725 V¹
205 1689 238 1726 (I
265 1693 329 1727 sed
356 1693 413 1735 ΡΙ
437 1692 518 1726 abis
552 1693 598 1725 V1
673 1697 715 1727 37
742 1693 816 1727 ista
842 1693 908 1727 hec
936 1693 970 1736 (e
996 1693 1037 1726 in
1064 1693 1098 1738 e)
1130 1692 1165 1725 V
1184 1693 1277 1726 haec
1302 1703 1368 1728 om.
1399 1693 1449 1727 ΡΞ

124 1739 390 1774 comemoratio
423 1741 480 1784 (co
513 1741 560 1774 αῖ.
593 1741 700 1782 corr.)
736 1740 769 1773 V
863 1743 907 1774 38
939 1740 1025 1774 illut
1055 1739 1101 1773 V¹
1133 1741 1137 1782 l
1176 1750 1322 1785 quoque
1348 1751 1413 1775 om.
1447 1740 1482 1774 V

172 1791 216 1820 39
243 1786 512 1833 adfectatione]
548 1787 582 1820 V
659 1791 704 1821 40
732 1788 798 1821 ant
830 1787 878 1820 Ve
904 1788 945 1821 ut
978 1787 1023 1820 V¹
1048 1789 1051 1829 Ι
1074 1787 1356 1832 protrepiticum
1383 1787 1432 1821 ΡΞ

124 1837 167 1868 41
196 1833 291 1868 aduc
322 1834 366 1868 V¹
397 1838 400 1877 Ι
430 1834 468 1868 id
494 1846 559 1869 om.
589 1834 626 1868 P
705 1838 750 1868 42
779 1835 899 1878 adque
938 1834 967 1868 V
1044 1838 1088 1868 43
1115 1835 1156 1868 in
1180 1845 1294 1878 mary.
1321 1835 1368 1869 al.
1391 1847 1418 1884 ,ρ
1447 1834 1479 1867 V

127 1881 130 1926 1
162 1881 310 1916 ortabor
343 1881 376 1915 V
450 1885 495 1915 44
521 1893 623 1916 mare
648 1883 690 1916 ut
716 1881 845 1916 effluat
870 1894 891 1916 6
963 1885 1008 1915 45
1036 1883 1073 1916 et
1099 1881 1144 1927 si]
1172 1882 1214 1915 ut
1240 1881 1271 1915 si
1290 1882 1349 1924 ΡΙ
1372 1882 1477 1917 nobis

1368 1929 1400 1954 id

123 1974 269 2007 quoque
295 1963 332 1999 R
429 1967 473 1998 46
506 1964 564 2010 fit]
598 1964 645 1999 sit
670 1975 690 1998 σ
720 1965 723 2007 Ι
756 1961 788 1998 (l
817 1964 882 1998 Sat
909 1964 945 1998 P
973 1964 1063 1999 satis
1090 1976 1110 1998 6
1206 1967 1251 1998 47
1284 1964 1403 2008 aliqut
1428 1965 1476 1999 al.

122 2021 211 2045 corr.
248 2010 280 2043 V
300 2014 304 2054 1
327 2010 511 2055 penitente
537 2012 584 2047 al.
611 2022 701 2046 corr.
736 2011 770 2045 V
851 2015 896 2046 48
924 2015 1006 2046 ante
1032 2011 1131 2055 quod
1156 2012 1197 2045 in
1223 2022 1335 2056 τηαν-9,
1363 2012 1409 2046 αῖ.
1436 2015 1474 2051 ><-

170 2061 215 2092 49
241 2057 301 2092 ide
330 2058 364 2092 V
384 2058 423 2092 id
446 2058 482 2091 P
506 2069 571 2093 om.
592 2070 612 2092 6
635 2061 638 2101 Ι
661 2057 826 2093 benisset
852 2058 898 2093 V¹
925 2059 962 2102 (b
983 2060 1024 2093 in
1043 2071 1067 2092 u
1087 2059 1149 2102 az.)
1172 2060 1175 2100 1
1200 2058 1287 2093 mici
1314 2058 1348 2093 V
1367 2062 1370 2101 Ι
1393 2069 1475 2103 per-

123 2103 313 2139 suaderes:
341 2117 357 2139 s
384 2106 431 2139 αἶ.
458 2117 562 2140 reser.
592 2105 626 2139 V
696 2110 740 2140 50
769 2102 802 2139 (l
823 2106 925 2140 Haec
947 2106 983 2139 P
1054 2109 1097 2139 51
1124 2105 1293 2151 noscere]
1320 2116 1387 2139 nos
1416 2105 1472 2150 Vl

122 2151 233 2186 habes
260 2153 298 2195 (h
324 2153 371 2186 al.
398 2154 457 2195 ss.)
491 2153 526 2186 V
547 2153 634 2188 abes
667 2152 714 2187 V¹
740 2163 829 2187 corr.
866 2153 1015 2188 Vinctus
1045 2152 1161 2187 habes
1194 2152 1316 2187 V2P0-
1349 2155 1354 2197 Ι
1389 2163 1473 2187 con-

122 2198 258 2244 pendio
287 2199 321 2233 V
344 2199 544 2244 conpendii
564 2212 584 2234 σ
644 2204 688 2234 52
711 2200 872 2245 epistola
890 2200 946 2244 V!
969 2202 1093 2235 tamen
1116 2199 1241 2245 {sss‘ssssss'
1252 2199 1474 2234 familiarem

124 2247 264 2291 (tamen
296 2247 398 2281 semel
425 2258 566 2281 erasum
591 2250 633 2281 ut
657 2248 749 2290 uid.)
782 2247 816 2280 V
908 2251 952 2282 53
978 2248 1140 2292 uestrae]
1168 2248 1277 2294 ueste
1304 2247 1360 2289 V!
1392 2258 1474 2292 per-

125 2293 322 2328 cunctand'
349 2294 407 2337 ΡΙ
431 2294 623 2329 arbitraris
649 2294 680 2329 si
706 2295 742 2329 R
767 2294 1007 2330 arbitraberis
1032 2294 1103 2329 tibi
1130 2294 1170 2327 F
