1563 2511
586 89 898 129 —317—

0 251 86 278 xvn
107 250 260 283 [Lxxxm]
602 237 667 272 EX
692 237 872 273 EODEM.

69 321 114 364 Si
145 323 252 364 bene
285 322 385 376 quid
416 321 566 375 facias,
597 321 731 363 facias
763 322 861 363 cito.
912 337 1012 363 nam
1045 322 1130 364 cito
1163 322 1327 364 factum

129 381 309 423 Gratum
342 381 434 422 erIt,
483 381 703 436 ingratum
735 381 877 436 gratia
909 381 1032 422 tarda
1065 381 1177 422 facit.

0 556 104 582 XVIII
125 556 293 587 [Lxxxuu]
339 543 401 577 DE
429 541 490 577 EO
519 542 601 585 QVI
628 542 895 578 CAPANEVM
922 541 1139 591 SALTANS
1167 542 1293 579 RVIT.

68 639 281 694 Deceptae
313 638 413 680 felix
445 652 568 680 casus
602 653 646 680 se
679 639 852 680 miscuit
884 638 985 680 arti:

126 697 313 749 Histrio,
346 697 532 739 saltabat
564 698 636 752 qui
669 696 891 752 Capanea,
921 697 1017 739 ruit.

0 873 119 899 xvnu
141 872 290 905 [Lxxxx-1]
559 859 610 893 IN
635 859 918 896 DODRALEM.

69 956 215 998 Dodra
242 970 291 997 ex
319 955 527 998 dodrante
554 959 630 998 est.
681 956 742 997 sic
774 956 943 1011 collige:
976 955 1061 1010 ius,
1094 970 1222 1010 aqua,
1255 955 1413 1009 uinum,

129 1013 218 1068 Sal,
252 1015 410 1069 oleum,
442 1015 584 1070 panis,
617 1015 718 1066 mel,
749 1015 888 1070 piper,
920 1014 1071 1056 herba:
1103 1028 1269 1056 nouem.

0 1190 56 1216 XX
76 1190 242 1222 [nxxxvu]
675 1176 807 1212 IDEM.

70 1261 216 1303 Dodra
227 1275 368 1303 uocor.
389 1277 496 1316 quae
508 1260 666 1304 eausa?
686 1275 842 1302 nouem
854 1260 1016 1314 species
1031 1273 1146 1314 gero.
1167 1274 1274 1315 quae
1287 1258 1415 1301 sunt?

70 1321 155 1375 Ius,
182 1335 303 1375 aqua,
330 1322 425 1375 mel,
452 1321 612 1374 uinum,
643 1319 779 1375 panis,
811 1319 945 1374 piper,
976 1318 1121 1373 herba,
1154 1319 1307 1370 oleum,
1341 1319 1415 1361 sal.

166 1447 286 1483 XVIII
311 1447 461 1483 Anthol.
476 1448 553 1484 Pal.
570 1447 620 1482 XI
634 1451 703 1483 254
752 1447 818 1481 τοῦ
846 1444 963 1481 αὐτοῦ
992 1446 1241 1501 (Δουκιλλιου)

214 1492 349 1530 Πάντα
375 1492 469 1530 καθ’
499 1493 662 1551 ἱστορίην
688 1491 934 1551 ὀρχούμενος,
955 1491 1001 1528 ἐν
1027 1490 1068 1528 τὸ
1096 1493 1268 1538 μέγιστον

260 1543 334 1577 τῶν
353 1541 479 1600 ἔργων
504 1540 675 1586 παριδὼν
699 1538 860 1598 ἦνίασας
886 1538 1063 1596 μεγάλως.

218 1587 296 1633 Τὴν
323 1587 402 1645 μὲν
418 1587 488 1635 γὰρ
499 1589 664 1646 Νιόβην
691 1586 918 1647 ὀρχούμενος
944 1585 992 1627 ὡς
1017 1588 1125 1627 λιθος
1152 1585 1275 1631 ἔστης,

262 1636 326 1670 καὶ
351 1634 464 1671 πάλιν
490 1633 541 1671 ὧν
568 1639 771 1675 Καπανευς
797 1632 975 1678 ἐξαπίνης
1001 1632 1141 1674 ἔπεσες.

211 1679 299 1717 Ἀλλ’
329 1680 391 1718 ἐπὶ
416 1687 481 1742 τῆς
506 1683 686 1728 Κανάκης
711 1679 860 1727 ἀφυῶς,
887 1679 945 1716 ὅτι
971 1682 1035 1716 καὶ
1061 1682 1169 1725 ξίφος
1194 1675 1241 1725 ἦν
1268 1692 1326 1716 σοι

262 1730 327 1765 καὶ
353 1731 425 1773 ζῶν
452 1728 622 1775 ἐξῆλθες·
650 1730 760 1765 τοῦτο
785 1726 876 1774 παρ’
907 1727 1081 1773 ἱστορίην.

167 1847 269 1883 XVII
301 1862 345 1883 rx
371 1861 489 1883 EODEM
522 1848 611 1882 VM
618 1848 651 1883 G
676 1858 741 1883 om.
771 1848 831 1892 ΤΡ
864 1846 1098 1883 Vorauiensis
1198 1849 1215 1880 1
1243 1845 1274 1880 si
1299 1821 1422 1880 beffiaid
1445 1846 1520 1879 VZ

73 1896 166 1931 bene
193 1895 282 1939 quid.
306 1895 410 1940 (quid.
435 1896 481 1931 al.
509 1896 570 1939 ss.)
597 1895 646 1930 M
669 1897 674 1939 Ι
705 1894 836 1939 facilpas
857 1905 885 1939 p
915 1894 920 1940 Ι
951 1905 1037 1929 nam
1064 1892 1137 1929 cito
1162 1903 1228 1928 om.
1250 1892 1324 1937 Mp

74 1945 94 1977 2
122 1942 208 1989 erit]
236 1944 294 1978 est
327 1942 373 1977 Vl
408 1942 413 1987 1
447 1942 554 1988 facit]
581 1942 679 1977 redit
706 1942 738 1977 Τ
761 1943 819 1977 est
838 1953 866 1986 p

169 2000 290 2036 XVIII
320 2002 429 2038 inser.
456 2002 558 2037 habet
589 2001 631 2044 V,
656 2012 800 2037 uersum
825 2011 984 2037 uacuum
1008 1999 1106 2035 dedit
1125 1998 1176 2042 G,
1202 2009 1267 2034 om.
1296 1996 1329 2033 T
1338 1998 1387 2032 M
1414 1998 1416 2042 y
1446 2000 1520 2033 VZ

75 2051 238 2096 cauma&
267 2060 302 2096 V
394 2065 414 2096 2
441 2061 595 2096 saltauit
622 2060 693 2095 TG

170 2118 309 2154 XVIIII
343 2132 379 2155 m
404 2131 593 2155 DODRALEM
624 2118 711 2154 VM
735 2129 801 2154 om.
830 2118 863 2153 T
892 2117 937 2153 de
965 2117 1125 2161 quadam
1149 2116 1302 2162 potione
1327 2126 1422 2160 quae
1445 2117 1521 2150 VZ

76 2166 117 2200 fit
142 2166 187 2201 de
213 2177 349 2201 nouem
374 2167 484 2202 rebus
513 2167 547 2203 G'·
646 2170 662 2201 1
691 2168 748 2201 est
773 2176 839 2202 om.
870 2165 902 2200 T
971 2169 991 2199 2
1019 2164 1151 2200 herba:
1177 2164 1203 2198 h
1229 2164 1295 2199 litt.
1322 2163 1347 2197 b
1373 2163 1422 2198 si-

75 2213 172 2248 milis
197 2214 254 2249 uel
278 2215 326 2249 al.
353 2225 396 2249 ex
421 2214 445 2248 b
471 2225 560 2250 corr.
587 2213 621 2248 V

171 2271 238 2307 XX
262 2285 349 2308 mam
367 2273 402 2309 V
422 2273 477 2308 De
494 2273 623 2308 eadem
638 2272 789 2318 potione
803 2283 897 2317 quae
912 2272 1066 2306 uocatur
1080 2270 1196 2306 dodra
1209 2269 1243 2306 G
1262 2280 1328 2305 om.
1342 2268 1374 2303 T
1380 2269 1429 2304 M
1446 2270 1523 2303 VZ

127 2323 144 2353 1
173 2330 301 2354 causas
328 2320 377 2355 M
467 2324 488 2355 2
514 2321 630 2356 herba
655 2331 720 2356 om.
744 2319 777 2354 T
798 2330 911 2365 marq.
932 2322 955 2362 †
980 2318 1012 2353 Τ
