1563 2511
650 90 699 95 .-
766 77 790 108 C
858 91 904 96 —

105 173 191 215 376
225 171 457 214 Gratiani
483 171 599 226 leges
628 171 678 213 de
711 171 892 226 publicis
919 170 1269 226 praeceptoribus
1298 185 1452 212 uocan-

223 231 288 272 dis
322 237 423 277 (Cod.
451 237 633 271 Theodos.
655 237 741 271 XIII
762 242 792 280 3,
818 242 857 272 11
886 237 919 271 d.
942 241 996 271 23.
1018 228 1169 284 Mai.)'”³‘)
1214 232 1257 270 et
1288 229 1338 270 de
1365 243 1448 270 ser-

224 289 606 391 ἓεθῑῗίειᾳξὲἢυὼθ
644 289 861 331 ueteribus
901 289 1099 344 operibus
1138 294 1239 335 (Cod.
1268 294 1451 329 Theodos.

108 401 205 451 377,
240 375 344 437 ante,
366 372 448 437 3⁸78
476 374 538 437 kl.
566 399 646 436 Ian.
693 399 860 436 Ausonii
893 397 1117 448 quaestoris
1150 397 1200 435 ad
1225 397 1453 435 Vrsulum

225 458 531 508 grammaticum
569 457 849 506 Treuerorum,
888 456 1096 494 Harmonii
1135 455 1347 506 collegam,
1388 468 1453 506 ep.

225 517 334 556 XIII.

108 573 193 615 376
228 572 509 627 Hesperius
531 571 759 625 proconsul
782 570 954 612 Africae
975 576 1139 622 (Epiced.
1155 580 1210 611 45.
1233 576 1319 611 Cod.
1337 576 1454 611 Theo-

227 630 387 665 dos.XV
404 634 434 672 7,
452 634 488 672 33
515 628 700 672 XV15‚4;
729 626 1044 671 132,2.cf.(311,
1067 627 1257 661 V1115423
1362 626 1456 662 mins

225 684 450 730 Hesperius).
472 678 704 719 Flauianus
725 677 1049 719 commendante
1063 676 1320 730 Symmacho
1337 689 1455 718 euec-

225 742 296 780 tus
329 743 528 785 (Ammian.
559 743 716 778 XXVIII
743 748 773 787 6,
796 747 839 778 ‘28
872 743 919 777 ad
944 741 1164 786 Hesperium
1196 741 1455 786 proconsulem

226 797 264 830 et
283 795 501 829 Flauianum
522 794 703 828 uicarium
723 795 808 827 sunt
827 793 941 836 missi,
962 803 1118 837 quorum
1139 791 1308 836 aequitas
1329 793 1454 826 aucto-

227 843 336 876 ritate
362 841 449 876 nixa
473 840 681 875 iustissima
709 867 715 873 .
744 869 751 876 .
781 866 788 873 .
817 840 1022 884 cognouit).

111 896 193 933 376
223 894 284 932 Κ1.
311 894 393 931 Ian.
428 893 697 943 Symmachi
730 893 785 930 ad
817 893 988 930 Auson.
1022 904 1087 940 ep.
1114 891 1133 929 I
1163 893 1232 930 13:
1267 890 1449 930 Gratiani

228 953 448 992 orationem
480 952 521 990 in
547 954 688 990 senatu
719 952 862 990 lectam
895 951 1046 989 laudat.

205 1078 236 1123 *)
264 1077 351 1112 Cod.
384 1077 570 1112 Theodos,
596 1076 681 1110 XIII
709 1080 746 1119 3,
777 1079 834 1111 11:
874 1076 992 1119 Impp.
1025 1075 1163 1110 Valens
1189 1073 1387 1109 Gratianus
1420 1075 1458 1108 et

110 1124 394 1160 Valentinianus
432 1123 544 1158 AAA.
577 1124 737 1158 Antonio
770 1124 822 1158 Pf.
857 1123 896 1157 P.
932 1122 1148 1157 Galliarum.
1204 1121 1273 1156 Per
1312 1131 1458 1156 omnem

110 1171 308 1207 dioecesim
349 1171 583 1207 commissam
620 1170 921 1214 magnificentiae
955 1173 1040 1203 tuae
1075 1168 1384 1213 frequentissimis
1419 1167 1458 1202 in

110 1219 346 1262 ciuitatibus,
374 1229 466 1262 quae
493 1218 637 1262 pollent
661 1221 698 1252 et
725 1218 887 1252 eminent
913 1217 1149 1259 claritudine,
1176 1217 1458 1260 praeceptorum

110 1266 244 1312 optimi
269 1265 405 1310 quique
426 1265 650 1300 erudiendae
671 1263 908 1309 praesideant
927 1264 1124 1305 iuuentuti,
1151 1263 1318 1298 rhetores
1338 1261 1458 1306 loqui-

110 1326 192 1348 mur
223 1314 260 1348 et
292 1312 554 1358 grammaticos
581 1312 726 1346 Atticae
753 1312 1016 1354 Romanaeque
1043 1310 1244 1345 doctrinae.
1297 1309 1461 1351 Quorum

113 1360 323 1396 oratoribus
348 1359 484 1405 uiginti
510 1360 685 1403 quattuor
711 1369 940 1393 annonarum
966 1370 984 1392 e
1012 1358 1098 1392 fisco
1125 1358 1376 1392 emolumenta
1396 1356 1458 1390 do-

110 1409 262 1450 nentur,
295 1405 548 1451 grammaticis
581 1406 712 1441 Latino
745 1406 804 1440 uel
830 1405 969 1440 Graeco
1003 1404 1197 1439 duodecim
1229 1414 1460 1438 annonarum

112 1455 306 1490 deductior
331 1453 458 1498 paullo
484 1465 656 1488 numerus
683 1464 726 1487 ex
751 1464 852 1487 more
872 1453 1099 1497 praestetur3
1126 1452 1168 1485 ut
1188 1450 1342 1496 singulis
1362 1449 1459 1485 urbi-

110 1503 190 1546 bus,
212 1512 305 1546 quae
325 1501 549 1545 metropoles
569 1502 839 1544 nuncupantur,
859 1499 1043 1534 nobilium
1063 1498 1312 1543 professorum
1326 1496 1460 1532 electio

112 1549 337 1591 celebretur,
373 1560 441 1583 nec
466 1560 554 1583 uero
580 1547 802 1590 iudicemus,
829 1547 987 1581 liberum
1013 1548 1055 1580 ut
1080 1545 1129 1580 sit
1154 1546 1286 1590 cuique
1313 1544 1460 1579 ciuitati

111 1607 196 1631 suos
223 1596 393 1630 doctores
421 1598 458 1630 et
484 1595 679 1639 magistros
705 1594 845 1639 placito
867 1593 937 1628 sibi
956 1593 1085 1628 iuuare
1106 1592 1336 1637 compendio.
1374 1591 1459 1626 Tre-

111 1643 278 1678 uirorum
303 1643 364 1677 uel
390 1642 614 1677 clarissimae
642 1641 787 1676 ciuitati
814 1641 962 1676 uberius
988 1640 1131 1684 aliquid
1155 1638 1370 1684 putauimus
1397 1639 1458 1672 de-

110 1690 316 1733 ferendum,
342 1689 483 1724 rhetori
508 1692 551 1723 ut
575 1689 742 1734 triginta,
769 1690 859 1723 item
885 1687 1022 1732 uiginti
1046 1686 1291 1732 grammatico
1313 1685 1460 1730 Latino,

112 1737 254 1772 Graeco
280 1737 406 1780 etiam,
433 1737 464 1770 si
490 1735 554 1780 qui
579 1736 711 1779 dignus
736 1735 891 1779 reperiri
916 1735 1098 1779 potuerit,
1131 1733 1327 1768 duodecim
1352 1743 1460 1776 prae-

111 1785 268 1819 beantur
293 1795 473 1819 annonae.
514 1783 596 1818 Dat.
619 1783 651 1816 X
671 1783 751 1817 Kal.
774 1782 852 1817 Iun.
894 1782 1049 1816 Valente
1070 1781 1113 1816 V.
1135 1782 1173 1816 et
1191 1779 1458 1815 Valentiniano

111 1831 189 1867 AA.
217 1830 317 1866 Coss.
345 1832 454 1876 (376).

190 1878 240 1922 **)
268 1877 355 1913 Cod.
387 1878 567 1913 Theodos.
594 1876 661 1911 XV
686 1881 721 1919 1,
747 1880 806 1911 19:
845 1877 989 1921 Imppp.
1024 1875 1161 1910 Valens
1193 1875 1392 1909 Gratianus
1424 1875 1460 1908 et

113 1925 399 1960 Valentinianus
425 1924 524 1958 AAA
558 1925 604 1958 ad
632 1925 818 1958 Senatum.
870 1924 960 1958 Post
985 1921 1076 1957 alia:
1109 1923 1227 1957 ,Nemo
1253 1920 1460 1965 praefecto—

112 1985 193 2007 rum
230 1973 329 2007 urbis
357 1971 561 2007 aliorumue
587 1971 768 2014 iudicum,
802 1982 894 2015 quos
919 1971 1086 2014 potestas
1112 1969 1149 2003 in
1177 1969 1322 2003 excelso
1348 1968 1457 2010 locat,

114 2031 206 2064 opus
238 2018 390 2063 aliquod
424 2031 560 2054 nouum
592 2019 630 2052 in
662 2019 751 2052 urbe
778 2018 897 2053 Roma
927 2017 1058 2052 inclita
1083 2016 1276 2057 moliatur,
1309 2016 1372 2050 sed
1400 2025 1460 2049 ex-

113 2066 280 2102 colendis
308 2066 495 2100 ueteribus
521 2065 691 2100 intendat
716 2065 892 2100 animum.
932 2065 1079 2099 Nouum
1107 2074 1252 2107 quoque
1278 2074 1370 2107 opus
1396 2061 1460 2106 qui

113 2114 216 2148 uolet
241 2113 278 2148 in
304 2113 394 2147 urbe
420 2112 561 2156 moliri,
589 2124 654 2147 sua
680 2113 853 2157 pecunia,
880 2111 953 2147 suis
978 2111 1151 2155 operibns
1178 2110 1360 2154 absoluat,
1386 2119 1460 2144 non

113 2160 313 2195 contractis
338 2160 525 2194 ueteribus
553 2159 822 2203 emolumentis,
849 2169 923 2194 non
942 2157 1083 2193 effossis
1104 2156 1286 2192 nobilium
1307 2167 1459 2201 operum

115 2207 466 2250 substructionibus,
506 2218 578 2241 non
615 2206 792 2241 rediuiuis
830 2206 875 2241 de
913 2204 1063 2250 publico
1103 2203 1220 2247 saxis,
1259 2215 1332 2238 non
1365 2214 1458 2238 mar-

114 2266 260 2290 morum
280 2253 404 2288 frustis
420 2254 661 2298 spoliatarum
677 2253 823 2288 aedium
839 2252 1108 2288 deformatione
1122 2251 1322 2286 conuulsis.
1349 2250 1460 2286 Lecta

115 2302 153 2336 in
180 2303 330 2345 senatu,
363 2301 520 2336 Valente
550 2301 588 2334 V.
618 2303 654 2335 et
681 2301 942 2336 Valentiniano
970 2300 1033 2334 ΑΛ
1063 2299 1162 2334 Coss.
1188 2300 1299 2342 (376).
