1563 2511
655 69 976 110 -392—

551 242 796 278 PERIOCHA
823 243 1072 279 ODYSSIAE.

797 336 823 372 Ι.

234 408 358 452 Ανδρα
385 420 448 451 μοι
474 405 627 451 ἔννεπε,
653 408 811 451 Μοῦσα,
836 405 1090 453 πολύτροπον,
1118 404 1157 449 ὃς
1183 406 1285 453 μάλα
1310 407 1427 444 πολλοὶ

232 453 300 488 Dic
326 454 436 497 mibi,
462 455 585 498 Musa,
613 454 750 498 uirum,
779 456 911 500 captae
935 458 1022 500 post
1048 455 1195 491 moenia
1218 455 1350 492 Troiae

232 501 301 543 Qui
327 513 448 537 mores
475 502 667 536 hominum
692 502 896 537 multorum
921 503 1018 537 uidit
1043 504 1082 537 et
1106 502 1225 538 urbes.

226 584 423 627 Minerua
467 586 511 627 in
555 585 752 628 Ithacam
795 586 898 628 Ioue
944 587 1007 629 ita
1051 588 1223 629 uolente
1268 587 1487 630 descendit

137 643 378 699 Mentisque
418 644 684 699 Taphiorum
726 645 845 687 ducis
884 647 1015 687 sumit
1053 646 1259 702 effigiem,
1305 661 1486 688 suasura
1512 658 1531 689 5

136 702 408 759 Telemacho,
434 707 483 745 ut
510 704 562 745 ad
589 703 822 746 Nestorem
842 704 1170 759 Menelaumque
1196 705 1386 760 festinet,
1414 706 1485 760 qui

135 776 280 803 recens
302 762 476 804 domum
496 763 684 817 regressi
705 764 810 805 certi
838 763 1001 819 aliquid
1027 764 1076 805 de
1098 763 1224 805 Vlixe
1250 765 1485 807 nouissent.

134 824 237 862 tunc
269 824 312 862 et
343 821 548 863 Phemius
581 822 808 865 citharista
846 822 1064 864 adhibitus
1103 823 1301 866 conuiuio
1334 838 1484 878 proco-

134 895 229 921 rum
269 880 444 922 incohat
482 880 670 923 flebilem
709 882 967 923 cantilenam
1006 882 1301 938 nauigationis
1344 883 1484 937 inpro-

134 953 300 994 sperae,
335 953 443 994 quae
472 939 690 994 profectos
718 941 770 982 ab
797 940 881 982 Ilio
905 941 1090 983 Graecos
1117 941 1298 983 diuersis
1327 942 1486 996 sparsit
1513 953 1555 984 10

134 998 285 1040 exiliis.
331 1013 456 1054 quem
483 999 699 1054 Penelope
725 1000 929 1055 degressa
954 1000 1202 1054 chalcidico,
1229 1003 1483 1055 argumento

132 1059 223 1099 tam
267 1058 530 1100 miserabilis
577 1059 741 1101 offensa
784 1060 1010 1114 materiae,
1053 1062 1102 1101 ut
1146 1060 1232 1101 alia
1273 1060 1483 1114 concinat,

133 1116 399 1160 adhortatur.

786 1235 829 1270 ΙΙ.

339 1300 451 1350 Ἦμος
477 1304 514 1340 δ’
543 1302 737 1349 ἠριγένεια
764 1302 867 1350 φάνη
894 1303 1169 1350 ῥοδοδάκτυλος
1194 1303 1269 1349 ἠώς

347 1353 492 1388 Oceano
520 1353 705 1388 extulerat
730 1364 855 1388 roseos
882 1355 1025 1387 Aurora
1051 1352 1206 1398 iugales.
1261 1366 1263 1368 ·

221 1437 502 1479 Telemachus
535 1437 803 1479 Ithacensios
842 1451 1038 1491 proceres
1079 1438 1197 1492 cogit
1234 1436 1286 1478 ad
1319 1437 1482 1478 curiam

134 1499 259 1549 atque
297 1497 458 1538 ibidem
498 1496 548 1538 de
581 1497 840 1539 contumelia
878 1496 1028 1538 domus
1061 1499 1104 1537 et
1135 1497 1348 1538 bonorum
1387 1510 1482 1550 pro-

132 1555 355 1609 fligatione
381 1558 643 1610 conquestus
671 1556 850 1598 consilia
875 1555 1152 1611 profectionis
1181 1555 1370 1609 exponit,
1393 1554 1480 1594 An·
1508 1564 1528 1596 5

130 1614 251 1656 tinoo
283 1615 533 1665 resistente,
571 1616 645 1670 qui
683 1630 797 1669 eum,
835 1615 1086 1670 priusquam
1120 1617 1258 1655 mater
1289 1614 1482 1666 nuberet,

132 1674 251 1714 abire
284 1674 556 1727 prohibebat.
607 1689 690 1730 qua
718 1674 999 1716 altercatione
1031 1674 1102 1715 diu
1134 1675 1356 1727 protracta
1388 1686 1482 1714 con-

224 1802 238 1835 1
265 1806 296 1836 2.
325 1807 344 1836 3
373 1802 500 1837 Horat.
528 1803 594 1847 Ep.
622 1803 656 1836 Π
683 1805 703 1836 3
733 1805 797 1836 141
827 1805 893 1836 142
920 1802 988 1837 Dic
1015 1822 1058 1826 ——
1085 1801 1205 1836 urbes.

223 1919 239 1953 Ι
268 1923 283 1953 1
313 1920 567 1965 n01ay1r0won
587 1931 627 1955 oc
645 1931 733 1955 Mam
753 1932 866 1955 noua
881 1921 917 1955 P
985 1924 1006 1954 2
1027 1920 1149 1954 menia
1164 1919 1199 1953 P
1219 1921 1388 1963 tempora
1402 1917 1481 1970 ῌο-

130 1968 250 2002 ratius
330 1972 352 2001 4
379 1968 505 2002 ithaca
530 1967 567 2001 P
649 1971 668 2002 5
696 1968 873 2002 mentoris
903 1968 938 2001 P
962 1978 1053 2002 corr.
1080 1967 1305 2010 Aceursiusl
1335 1966 1480 2009 thapio-

129 2026 209 2048 rum
223 2014 260 2049 P
330 2018 350 2048 6
377 2014 587 2049 thelemaco
607 2014 642 2047 P
665 2015 732 2056 (sic
751 2015 898 2059 ubique)
920 2016 924 2057 Ι
947 2014 1025 2059 qui]
1055 2014 1085 2048 si
1099 2014 1278 2048 Heinsius
1351 2017 1371 2048 8
1393 2014 1480 2047 tunc

128 2061 315 2107 Tphimius
335 2061 372 2096 P
395 2064 399 2107 Ι
426 2062 651 2106 prochorum
680 2062 716 2095 P
741 2062 746 2106 Ι
781 2062 934 2096 inchoat
956 2063 992 2095 P
1065 2065 1107 2096 10
1134 2061 1218 2106 nio]
1244 2059 1309 2095 ilic
1329 2059 1365 2094 P
1437 2063 1477 2093 11

128 2109 311 2154 penolope
333 2109 370 2143 P
395 2109 400 2154 1
436 2109 602 2154 digressa
627 2109 664 2142 P
686 2120 777 2143 corr.
805 2109 1056 2143 Accursz'anus
1085 2110 1088 2152 Ι
1125 2108 1303 2143 calcidico
1330 2107 1367 2141 P
1437 2109 1479 2140 12

130 2156 309 2191 offensam
335 2156 372 2190 P
449 2161 491 2191 13
520 2156 713 2190 adortatur
738 2156 775 2190 P

221 2215 255 2248 ΙΙ
284 2219 301 2249 1
328 2216 540 2250 fimf-amal)
610 2219 629 2249 2
658 2225 815 2249 occeano
832 2214 888 2259 ΡΙ
921 2225 1045 2248 roseas
1063 2214 1098 2247 P
1122 2224 1211 2248 corr.
1233 2213 1432 2248 Accua-sius

128 2266 149 2295 4
175 2262 314 2297 ibidem
341 2263 402 2308 de]
430 2263 474 2297 de
501 2274 566 2298 om.
583 2262 632 2297 P⁸
657 2261 710 2296 ibi
736 2261 780 2296 de
802 2262 953 2296 Schenkl
975 2263 980 2306 1
1003 2260 1303 2296 condentumelia
1323 2260 1372 2294 ps
1387 2260 1431 2304 (2³)

131 2314 150 2343 (3
178 2310 278 2356 eum]
306 2320 390 2344 cum
419 2309 456 2343 P
552 2314 570 2344 7
599 2309 687 2355 qua]
716 2309 803 2352 quia
831 2309 867 2342 P
