1563 2511
630 114 683 118 ·-
749 101 911 131 CXXIIII
974 113 1029 118 —

320 193 365 227 de
403 194 528 228 uestro
566 192 702 228 cecinit
733 194 845 238 poeta
878 192 1064 228 Romanus
1096 192 1183 228 Ioue
1222 193 1343 237 „Iouis
1376 192 1500 228 omnia

319 240 465 284 plena“‚
498 267 505 275 .
536 267 543 275 .
573 268 579 275 .
612 239 650 274 id
689 252 786 275 nunc
819 250 886 285 ego
921 240 965 274 de
998 243 1152 284 utroque
1185 242 1349 274 uestrum
1381 239 1498 274 audeo

318 287 552 331 praedicare:
591 287 813 331 ubicumque
852 287 932 322 sitis
960 316 966 323 .
996 316 1002 323 .
1030 315 1037 322 .
1066 286 1301 322 diuinitatem
1334 289 1498 322 uest-ram

319 333 457 378 ubique
482 334 622 369 uersari
649 335 718 369 etc.

252 385 294 415 13
315 392 394 425 sqq.
422 380 465 415 cf.
493 380 708 416 Mamertini
734 380 835 415 Grat.
861 381 942 416 Act.
969 380 1114 415 Iuliano
1141 392 1170 415 c.
1201 384 1242 415 19

250 431 292 462 82
320 428 373 463 CI.
405 428 616 463 Mamertini
648 428 817 463 Genethl.
849 427 1067 462 Maximiani
1100 430 1138 462 8:
1177 428 1277 472 ipsos
1317 425 1499 471 siquidem

320 486 411 519 quos
432 475 708 520 praemiseratis
728 475 876 509 nuntios
897 474 1099 518 reliquistis
1118 475 1311 519 ipsamque
1326 485 1420 519 quae
1433 484 1499 509 uos

320 523 455 557 conata
474 524 531 556 est
548 521 766 566 praeuenire
786 521 925 556 famam
938 521 1207 566 praeuertistiS,
1228 524 1269 556 ut
1283 549 1290 556 .
1307 549 1313 556 .
1332 521 1499 556 homines

319 569 476 604 fortasse
498 568 724 603 crediderint
738 595 745 602 .
762 596 769 603 .
785 568 918 603 diurna
936 568 1042 604 uobis
1060 570 1098 603 et
1116 571 1299 603 nocturna
1319 567 1499 603 curricula

318 618 474 659 utraque
494 616 623 650 mundi
644 615 785 651 lumina
805 615 1057 651 commodasse
1079 644 1085 651 .
1103 644 1110 651 .
1127 643 1133 649 .
1156 616 1293 651 etenim
1308 627 1391 650 cum
1405 614 1500 649 nihil

319 663 368 698 sit
393 662 516 698 animo
542 662 717 706 uelocius,
744 674 810 698 uos
831 691 838 698 .
855 692 862 698 .
878 690 885 698 .
907 663 1073 708 peruecti
1099 663 1188 698 estis
1214 663 1262 698 ad
1286 673 1354 697 uos
1379 661 1500 697 mutui

318 709 494 744 desiderii
521 710 722 745 celeritate.
774 712 871 754 (cum
898 710 950 744 eis
977 720 1070 755 quae
1099 710 1196 755 apud
1215 709 1420 744 Ausonium
1447 720 1500 744 se-

320 758 463 799 cuntur,
490 767 651 802 conpara
675 768 785 801 porro
811 769 905 802 quae
930 757 1172 792 Mamertinus
1198 757 1311 792 habet
1336 768 1364 792 c.
1393 759 1439 801 9).

151 816 237 851 XXI
261 816 473 851 Periochae.

224 863 265 898 Il.
292 862 344 896 III
395 867 414 897 2
441 862 580 907 Vergil.
608 863 641 897 A
666 863 752 897 VIII
778 866 845 898 547
872 863 911 898 in
936 863 1036 898 bella
1062 864 1263 907 sequantur

397 914 417 944 3
444 910 584 955 Vergil.
610 910 643 943 A
668 910 718 944 XI
745 914 811 945 599
840 910 1037 955 compositi
1065 938 1071 944 .
1094 938 1101 945 .
1127 910 1166 944 in
1190 913 1332 945 turmas

276 957 345 991 IIII
396 961 415 991 3
443 957 584 1002 Vergil.
612 957 644 990 A
674 957 720 992 XI
747 961 815 992 304
841 968 973 1002 cogere
999 957 1198 992 concilium

311 1005 344 1039 X
394 1008 414 1038 3
440 1004 580 1050 Vergil.
608 1004 640 1037 A
668 1004 684 1038 I
711 1008 778 1040 680
805 1005 966 1050 sopitum
993 1015 1121 1039 somno

276 1052 342 1086 XX
392 1056 411 1086 2
438 1051 579 1096 Vergil.
607 1054 639 1086 A
665 1053 698 1086 II
726 1055 793 1087 375
820 1051 928 1086 celsis
957 1079 963 1086 .
987 1079 993 1085 .
1021 1062 1042 1086 a
1067 1051 1224 1086 nauibus
1251 1051 1314 1087 itis

368 1103 410 1134 10
440 1102 526 1143 (non
552 1099 568 1133 I
596 1103 674 1142 145,
703 1100 766 1134 sed
793 1100 807 1133 I
835 1102 902 1133 475
930 1099 1142 1144 legendum)

222 1146 341 1181 XXIII
392 1150 412 1180 2
439 1145 577 1191 Vergil.
604 1148 637 1180 A
664 1146 731 1179 VII
759 1150 825 1181 672
853 1145 994 1191 Argiua
1019 1145 1192 1181 iuuentus

200 1194 268 1229 Od.
295 1194 346 1228 VI
395 1197 415 1227 2
443 1193 583 1238 Vergil.
610 1193 642 1226 A
668 1193 738 1227 IIII
765 1198 831 1228 555
865 1193 1041 1238 carpebat
1067 1203 1214 1227 somnos

275 1240 343 1275 VII
394 1243 414 1274 2
442 1240 556 1275 Culex
583 1244 651 1275 327
678 1240 801 1284 proles
829 1240 978 1275 Laertia

257 1287 344 1322 VIII
394 1292 413 1322 2
440 1287 580 1333 Vergil.
608 1288 639 1321 A
664 1287 716 1321 VI
743 1291 810 1322 535
837 1287 952 1322 roseis
979 1286 1122 1322 Aurora
1147 1286 1336 1332 quadrigis

240 1335 343 1369 VIIII
393 1339 413 1369 2
441 1334 580 1379 Vergil.
607 1336 639 1369 A
665 1334 716 1368 VI
743 1338 810 1369 535
839 1334 907 1369 hac
933 1334 1014 1369 uice
1042 1345 1250 1369 sermonum

309 1383 342 1416 X
392 1386 411 1416 2
440 1381 580 1426 Vergil.
607 1383 638 1416 A
664 1381 679 1414 I
706 1386 746 1416 51
776 1381 985 1416 nimborum
1011 1382 1049 1416 in
1074 1381 1235 1426 pat-riam
1265 1409 1270 1415 .
1293 1410 1299 1415 .
1328 1381 1496 1416 Aeoliam

440 1430 543 1463 uenit

278 1476 345 1510 XV
395 1480 415 1510 2
442 1476 580 1520 Vergil.
609 1477 639 1511 A
665 1475 698 1509 V
727 1480 794 1511 704
820 1476 987 1510 Tritonia
1013 1475 1136 1510 Pallas

206 1523 344 1558 XVIIII
396 1528 415 1558 2
443 1523 583 1568 Vergil.
611 1524 642 1557 A
668 1524 684 1557 I
711 1528 778 1558 637
806 1525 844 1558 at
870 1524 1000 1558 domus
1027 1522 1180 1558 interior

269 1570 337 1605 XX
388 1575 408 1605 2
438 1571 576 1616 Vergil.
604 1574 637 1604 A
664 1571 697 1605 X
723 1575 790 1605 523
817 1572 854 1606 et
880 1582 1000 1615 genua
1026 1569 1254 1614 amplectens

258 1618 343 1652 XXI
392 1622 412 1652 2
439 1618 580 1663 Vergil.
609 1617 640 1651 G
666 1617 717 1652 III
745 1622 812 1652 267
841 1619 877 1652 et
903 1620 1066 1652 mentem
1093 1645 1100 1652 .
1123 1645 1130 1652 .
1153 1646 1159 1652 .
1188 1617 1291 1652 dedit

204 1665 343 1700 XXIIII
393 1670 412 1700 2
439 1664 580 1710 Vergil.
607 1665 640 1698 A
666 1664 752 1700 VIII
779 1669 846 1701 667
873 1664 1068 1700 Tartareas
1095 1664 1207 1699 etiam
1235 1664 1336 1699 sedes

148 1723 268 1758 XXIII
293 1723 484 1758 Italorum.

318 1770 351 1804 II
379 1775 398 1805 6
426 1769 565 1815 Vergil.
593 1771 624 1805 A
651 1770 720 1804 IIII
746 1774 813 1806 537
840 1769 974 1805 Iliacas
1002 1798 1009 1805 .
1032 1798 1038 1805 .
1067 1769 1201 1805 classes

302 1817 353 1851 III
380 1821 399 1852 5
428 1817 535 1852 Ouid.
563 1819 630 1852 Ars
657 1817 689 1851 II
717 1822 783 1852 155
811 1818 876 1852 dos
905 1819 961 1852 est
986 1817 1114 1852 uxoria
1140 1817 1223 1852 lites

381 1869 400 1899 6
428 1864 566 1910 Vergil.
595 1866 626 1897 A
652 1864 703 1898 VI
730 1868 798 1900 600
824 1875 920 1900 nec.
943 1892 950 1899 .
977 1864 1123 1919 requies
1151 1865 1260 1899 datur
1285 1865 1361 1899 ulla

270 1911 355 1946 XVI
429 1911 461 1946 V
465 1922 546 1947 arro
567 1912 663 1946 Men.
684 1915 752 1947 583
770 1908 1028 1969 Ἐπικούρειος
1046 1909 1140 1952 θεὸς
1159 1923 1232 1946 non
1251 1914 1376 1957 potest
1396 1923 1492 1948 esse:

433 1957 519 1993 οὔτε
547 1956 660 1999 αὐτὸς
685 1959 839 2003 πρᾶγμα
867 1957 944 2003 ἔχει
971 1956 1056 1994 οὔτε
1084 1955 1207 1999 ἄλλοις
1232 1959 1387 2003 παρέχει

195 2005 348 2040 XXXIII
377 2010 396 2040 6
423 2005 535 2047 Ouid,
575 2017 618 2040 ex
656 2006 761 2040 Pont.
795 2005 862 2039 IIII
900 2010 954 2049 15,
981 2010 1002 2040 4
1040 2016 1126 2051 pars
1159 2017 1228 2051 ego
1263 2006 1331 2041 sim
1365 2017 1495 2041 census

432 2053 769 2096 quantulacumque
796 2053 861 2089 tui.

149 2158 323 2194 editionis
356 2158 572 2194 Stoerianae
607 2169 638 2193 a.
669 2162 769 2201 1598,
802 2169 895 2202 quae
928 2159 1152 2204 respondent
1176 2159 1378 2194 Ausoniani
1410 2170 1493 2195 con-

148 2206 271 2241 textus
298 2205 522 2240 sectionibus
555 2210 622 2240 375
655 2206 701 2240 ad
728 2210 794 2240 412
822 2216 844 2239 a
869 2205 1003 2241 Vineto
1035 2205 1155 2250 factis,
1182 2205 1340 2250 denique
1367 2208 1492 2252 capita

149 2252 270 2287 XVIII
296 2264 318 2288 a
345 2251 565 2288 Schenkelio
593 2253 780 2298 discripta
