1563 2511
640 62 962 104 —198—

132 185 292 212 nouam
323 170 471 210 lunam
502 171 545 210 et
576 167 779 210 Murenae
812 169 1073 223 auguratum
1103 168 1250 208 ternos
1285 169 1353 208 ter
1384 180 1477 220 cya-
1503 176 1547 208 25

133 229 232 270 thos
277 229 488 270 attonitus
529 228 640 282 petit
677 230 810 269 uates.
872 227 985 268 hunc
1021 226 1163 268 locum
1201 225 1251 266 de
1289 225 1478 266 ternario

131 302 311 330 numero
337 287 453 328 illico
478 289 627 328 nostra
658 286 734 327 illa
765 285 937 341 poetica
969 284 1135 326 scabies
1167 285 1310 338 coepit
1342 284 1479 325 excul-

132 361 250 402 pere:
277 346 396 388 cuius
416 345 557 387 morbi
578 345 783 400 quoniam
802 344 929 386 facile
949 343 1197 398 contagium
1218 345 1295 397 est,
1314 343 1480 384 utinam

134 406 188 447 ad
218 407 261 447 te
293 419 462 460 quoque
501 405 677 459 prurigo
716 403 970 458 commigret
1002 405 1043 443 et
1075 402 1172 443 fuco
1204 405 1304 443 tuae
1337 415 1480 443 emen-

134 464 321 506 dationis
348 464 514 505 adiecto
541 463 741 518 inpingas
767 462 1038 517 sphongiam,
1064 475 1171 515 quae
1196 460 1479 514 inperfectum

134 537 243 578 opus
276 522 374 577 equi
404 523 514 564 male
542 522 785 576 spumantis
813 521 1022 563 absoluat.
1068 534 1116 561 ac
1141 534 1195 561 ne
1221 534 1288 560 me
1313 519 1480 560 nescias

133 582 391 637 gloriosum,
430 583 604 635 coeptos
642 581 754 621 inter
784 579 1081 634 prandendum
1112 578 1349 620 uersiculos
1383 580 1481 619 ante

134 655 263 682 cenae
306 643 476 694 tempus
515 640 702 693 absolui,
745 639 827 681 hoc
866 641 949 692 est,
992 638 1093 679 dum
1133 637 1235 678 bibo
1275 640 1318 678 et
1354 636 1481 690 paulo

134 702 235 741 ante
268 714 396 753 quam
428 699 630 740 biberem.
684 698 741 739 sit
773 711 875 752 ergo
908 711 1086 738 examen
1117 711 1195 750 pro
1228 695 1408 737 materia
1440 697 1484 736 et

133 762 342 812 tempore.
405 761 469 798 set
499 759 547 798 tu
580 771 748 811 quoque
783 756 865 798 hoc
895 756 1036 810 ipsum
1067 755 1196 810 paulo
1228 754 1408 796 hilarior
1440 756 1483 795 et

135 816 314 858 dilutior
356 817 468 871 lege3
512 830 699 870 namque
743 815 947 856 iniurium
992 816 1057 855 est
1102 814 1152 855 de
1197 816 1326 868 poeta
1370 812 1483 854 male

135 876 279 917 sobrio
312 875 515 916 lectorem
549 874 807 916 abstemium
841 873 1040 914 iudicare.
1100 887 1237 926 neque
1269 887 1337 914 me
1369 872 1484 914 fallit

134 935 226 976 fore
254 935 458 988 aliquem,
490 934 562 988 qui
593 933 707 975 hunc
738 933 879 974 iocum
910 935 1107 974 nostrum
1140 931 1274 972 acutis
1306 931 1482 972 naribus

135 996 178 1035 et
219 996 441 1048 caperrata
485 992 624 1034 fronte
669 992 924 1033 condemnet
966 993 1180 1045 negetque
1224 1004 1291 1031 me
1330 989 1484 1042 omnia,

136 1066 244 1106 quae
276 1053 329 1094 ad
360 1051 596 1093 ternarium
628 1053 671 1092 et
701 1050 982 1093 nouenarium
1019 1063 1219 1091 numeros
1256 1049 1485 1103 pertinent,

137 1203 259 1238 noctis
284 1202 447 1247 mediae,
474 1202 538 1246 da,
565 1213 673 1246 puer,
700 1201 849 1247 auguris
875 1201 1068 1236 Murenae:
1100 1199 1219 1235 tribus
1255 1200 1320 1234 aut
1351 1209 1486 1234 nouem

138 1250 341 1286 miscentur
367 1249 513 1295 cyathis
537 1248 673 1294 pocula
699 1248 915 1284 commodis.
955 1248 1019 1292 qui
1037 1247 1161 1282 Musas
1182 1247 1285 1282 amat
1311 1245 1483 1291 impares,

139 1299 264 1333 ternos
288 1299 345 1332 ter
371 1295 526 1342 cyathos
552 1296 734 1330 attonitus
761 1296 864 1340 petet
889 1296 1006 1330 uates.

233 1349 278 1380 30
309 1344 392 1380 Val.
419 1344 515 1379 Max.
542 1343 629 1377 VIII
657 1347 698 1377 11
725 1342 807 1377 Ext.
829 1347 860 1379 7.
908 1341 1002 1376 Plin.
1028 1354 1063 1377 n.
1091 1342 1126 1376 h.
1153 1340 1290 1375 XXXV
1317 1344 1384 1375 104
1416 1340 1485 1374 hoc

139 1392 308 1437 exemplo
339 1392 416 1426 eius
449 1390 582 1425 similis
608 1391 646 1425 et
670 1390 835 1425 Nealcen
867 1400 1058 1425 successus
1091 1400 1242 1434 spumae
1275 1387 1360 1431 equi
1387 1387 1486 1422 simi-

137 1439 224 1474 liter
251 1449 453 1484 spongea
478 1438 666 1483 inpacta
693 1439 838 1472 secutus
866 1436 1011 1472 dicitur.

233 1573 278 1603 25
305 1570 433 1614 cyatos
456 1568 492 1602 P
514 1568 628 1602 tiatos
654 1569 708 1611 (os
734 1567 776 1601 in
801 1567 889 1610 ras.)
910 1565 944 1600 V
966 1566 1095 1609 cythos
1117 1567 1134 1599 λ
1208 1568 1253 1599 26
1280 1542 1486 1609 petiissuatis

139 1617 170 1660 (t
194 1617 241 1651 al.
267 1618 327 1659 ss.)
359 1616 394 1650 V
414 1615 506 1660 petii
535 1613 610 1648 TG
635 1613 714 1659 peti
738 1617 757 1648 λ
779 1615 784 1656 Ι
807 1613 903 1648 uatis
934 1612 1034 1659 VPl
1061 1610 1093 1646 (l
1119 1612 1226 1646 Hunc
1253 1611 1290 1645 P
1374 1614 1417 1645 27
1444 1610 1487 1645 il-

138 1662 211 1698 lico
238 1664 324 1698 libri
349 1663 462 1709 (illico
493 1662 540 1696 V2
565 1662 576 1695 i
598 1673 657 1706 pr.
684 1661 732 1696 al.
764 1660 813 1705 V)
837 1659 841 1705 1
869 1659 1037 1704 poeticas
1063 1659 1187 1694 cabies
1218 1658 1264 1692 V1
1293 1659 1297 1699 1
1327 1657 1427 1705 cepit
1454 1657 1490 1691 P

140 1712 250 1755 caepit
277 1710 309 1744 T
329 1710 334 1756 Ι
365 1710 519 1754 exculpe
545 1709 594 1743 ΡΒ
624 1708 815 1752 excalpere
840 1707 1012 1751 Luyczun.
1040 1708 1128 1751 (non
1159 1706 1202 1750 V)
1288 1709 1332 1739 29
1359 1704 1404 1739 ad
1431 1704 1486 1750 te]

139 1759 200 1791 ate
226 1758 263 1792 P
288 1759 292 1801 Ι
326 1758 415 1803 fugo
444 1758 480 1791 P
574 1760 619 1791 30
645 1754 834 1800 inpingas]
867 1754 902 1788 V
926 1756 930 1798 Ι
962 1753 1183 1799 sphongiam
1214 1752 1259 1786 V¹
1292 1752 1488 1796 spongiam

146 1805 194 1839 V2
208 1804 280 1839 ΤΘ
305 1806 533 1849 sphongeam
553 1804 589 1837 P
610 1813 812 1848 spongeam
837 1805 855 1836 λ
879 1803 884 1846 Ι
906 1801 1169 1846 inperfectum]
1198 1799 1272 1834 VP
1353 1803 1396 1834 31
1424 1799 1487 1833 ab·

141 1874 264 1909 solbat
290 1876 336 1909 Vl
363 1853 536 1917 absolua{³
564 1874 596 1908 T
617 1876 621 1917 Ι
652 1870 684 1906 (l
712 1874 765 1907 Ac
787 1873 823 1906 P
843 1874 847 1916 1
870 1872 1013 1907 nescias
1039 1871 1257 1916 gloriosum]
1285 1868 1489 1915 gloriosum

140 1933 251 1966 neges
279 1923 314 1955 Z
407 1927 451 1957 32
479 1924 606 1966 ceptos
633 1920 709 1955 PT
742 1922 747 1965 1
781 1920 1017 1964 pendendum
1042 1920 1079 1954 P
1109 1921 1113 1962 Ι
1146 1917 1394 1960 uersusiculos
1425 1916 1458 1950 Τ
1482 1918 1483 1953 j

141 1970 244 2003 ante:
270 1970 307 2004 te
333 1970 375 2003 in
399 1981 471 2004 ras.
500 1969 534 2003 V
612 1972 656 2002 33
684 1979 772 2002 cene
802 1967 836 2000 P
860 1978 948 2003 cene
974 1968 1007 2011 (c
1034 1967 1080 2001 al.
1101 1966 1257 2011 praefix.
1284 1965 1422 2008 uersuz')
1458 1963 1492 1997 V

142 2027 240 2051 caene
270 2016 303 2050 Τ
336 2027 471 2051 coenae
500 2016 533 2050 G
567 2017 572 2059 Ι
607 2015 755 2060 absolu3
782 2014 818 2048 P
885 2005 956 2049 ν34
983 2014 1045 2057 sit]
1079 2024 1114 2059 s3
1144 2013 1176 2046 T
1210 2014 1213 2055 Ι
1248 2010 1446 2057 ωαΛῖθιὶαε
1473 2014 1489 2045 t·

141 2074 231 2098 eras.
266 2065 301 2098 V
393 2068 438 2098 35
464 2064 536 2108 set]
570 2063 617 2098 Vl
658 2065 662 2106 Ι
702 2063 743 2096 tu
768 2072 834 2096 om.
868 2061 915 2096 Vl
953 2063 995 2095 ut
1020 2061 1057 2095 P
1092 2062 1097 2103 Ι
1136 2059 1265 2104 paulo:
1292 2059 1328 2093 lo
1353 2069 1488 2094 rasura

142 2112 256 2155 effect.
283 2114 315 2146 et
340 2122 445 2145 rescr.
473 2110 527 2153 Vl
552 2110 603 2155 et]
631 2121 653 2143 a
678 2120 722 2144 ss.
748 2111 766 2143 λ
841 2113 886 2143 36
913 2107 1071 2142 dilucior
1089 2110 1107 2141 λ
1134 2106 1277 2141 dulcior
1303 2106 1337 2140 G
1359 2106 1363 2150 1
1386 2115 1487 2139 nam-

143 2159 229 2204 que]
257 2170 344 2193 nam
373 2158 405 2191 T
477 2161 521 2192 37
548 2156 798 2191 absthemium
825 2155 857 2190 G
879 2157 884 2199 Ι
911 2153 942 2189 (l
969 2154 1099 2199 Neque
1125 2154 1161 2189 P
1236 2156 1281 2188 38
1307 2152 1369 2196 qui
1394 2153 1490 2195 forte

143 2206 239 2240 hunc
268 2206 301 2240 T
339 2205 343 2251 Ι
384 2206 507 2239 locum
542 2204 587 2247 (l,
612 2214 687 2238 non
712 2203 725 2237 i
751 2203 870 2248 lorzyo)
902 2202 937 2236 V
1029 2206 1073 2236 39
1100 2200 1311 2246 caperrata]
1344 2199 1457 2234 VPT
1483 2200 1486 2243 Ι

143 2255 270 2345 Ιίιῗιςεῖίῑε
299 2254 438 2288 litterae
448 2264 495 2344 lg(
513 2252 668 2294 inferior
687 2261 796 2342 29)er
806 2251 852 2284 al.
879 2261 984 2285 rescr.
1018 2249 1053 2284 V
1134 2252 1178 2282 40
1204 2247 1489 2283 nonuernarium

271 2310 447 2337 numeros,
497 2311 559 2333 um
584 2308 701 2333 eraso.

1506 470 1550 501 30

1509 763 1552 794 35

1510 1057 1555 1087 40
