1563 2511
551 88 597 93 —
665 76 858 106 LXXXXII
922 89 974 94 -

204 167 323 202 socius
373 167 548 202 iuuentae
564 196 572 211 ,
622 168 791 213 pluribus
842 168 1012 213 quamuis
1057 169 1265 204 cumulatus
1309 169 1430 214 annis)

200 216 370 258 Leontii
376 231 456 271 que
470 217 605 258 frater
616 217 671 259 Iu
681 232 702 259 c
711 233 737 259 u
746 233 773 259 n
784 218 809 258 d
818 233 845 259 u
855 233 873 259 s
889 223 1003 265 (Prof.
1018 229 1050 269 9,
1066 229 1103 260 3:
1119 225 1250 272 amice,
1265 224 1428 268 sodalis).

83 301 115 329 c.
131 287 216 329 320
236 286 453 328 Ausonius
468 287 704 330 Tolosam
720 288 828 330 abiit
843 288 895 329 ad
910 288 1429 344 AemiliumMagnum

200 346 495 400 Arborium,
527 347 595 388 cui
627 361 677 388 ea
705 348 750 388 in
781 347 884 388 urbe
918 347 1069 388 domus
1096 350 1188 389 erat
1213 351 1255 389 et
1281 348 1431 390 schola

198 402 312 447 (Prof.
342 406 395 438 16.
435 403 515 438 Par.
539 407 573 448 3,
596 407 648 438 11.
689 404 776 438 vrb.
804 406 865 438 98:
893 403 1062 438 altricem
1089 404 1205 439 nostri
1230 404 1429 449 Tolosam).

83 469 168 511 326
201 468 491 524 Hieronymus
536 469 588 511 ad
633 484 671 510 u.
710 470 844 511 2340:
888 468 1140 512 Nazarius
1183 471 1330 512 rhetor
1366 471 1430 512 in-

201 529 335 583 Signis
356 529 540 570 habetur
561 535 621 575 (cf.
642 535 740 570 Prof.
759 539 812 579 14,
828 540 860 570 9.
892 535 1046 570 Hieron.
1067 536 1115 570 ad
1134 547 1166 571 a.
1188 540 1278 572 2352
1292 545 1336 558 =
1349 541 1429 573 338.

201 585 349 620 Nazarii
376 587 511 630 Paneg.
542 584 784 620 Constantino
811 586 931 620 dictus
957 597 989 621 a.
1017 587 1111 631 321).

82 651 167 693 326
201 650 400 706 Crispum
434 655 475 693 et
501 652 712 694 Licinium
742 652 901 695 sororis
930 653 1063 694 filium
1091 652 1295 694 Caesares
1322 652 1430 695 Con-

201 712 415 752 stantinus
448 711 665 753 interfecit
698 718 866 763 (Eutrop.
888 718 921 752 X
942 724 973 754 6.
1018 718 1169 753 Hieron.
1195 718 1243 753 ad
1268 730 1301 753 a.
1326 723 1432 754 2341.

203 767 306 804 Oros.
333 767 402 802 VII
429 772 485 812 28,
512 771 584 813 26).

83 842 114 870 c.
135 828 221 870 326
245 827 520 869 Constantini
541 829 695 870 fratres
717 828 1047 884 (Anaballianus
1065 829 1276 871 Dalmatii
1296 832 1430 883 pater,

203 885 502 938 Constantius,
547 886 782 944 Constans)
819 888 1002 930 Tolosae
1046 892 1272 929 uersantur
1312 888 1430 930 exilii

200 946 338 999 specie
373 952 484 994 (Prof.
509 957 563 997 16,
588 953 662 995 11);
689 948 787 989 inde
820 947 1061 1002 principum
1088 947 1302 989 amicitiae
1330 961 1430 989 con-

199 1005 393 1058 tigerunt
419 1006 640 1048 Arborio
662 1005 1169 1061 Constantinopolimque
1195 1006 1311 1048 fama
1337 1006 1430 1048 eius

199 1064 404 1117 peruenit.
467 1079 567 1106 mox

80 1160 113 1187 c.
141 1145 225 1187 328
259 1145 350 1200 ipse
383 1160 431 1187 eo
465 1150 643 1188 uocatus
676 1144 898 1202 (nimirum
931 1161 1013 1201 quo
1044 1149 1238 1201 tempore
1266 1147 1429 1201 Byzan-

202 1205 311 1246 tium
340 1205 538 1246 omnibus
565 1206 753 1260 undique
781 1206 1029 1248 conuocatis
1056 1206 1277 1247 decoribus
1305 1221 1429 1247 orna-

199 1264 326 1305 batur
359 1279 383 1304 a
416 1263 720 1318 Constantino)
760 1280 891 1306 unum
930 1280 980 1306 ex
1014 1263 1288 1306 Constantini
1326 1265 1429 1307 filiis

200 1322 287 1361 (non
308 1320 561 1364 Constantem,
582 1321 646 1366 qui
666 1323 774 1356 natus
795 1333 826 1357 a.
843 1325 911 1356 320
927 1322 1062 1357 Caesar
1082 1324 1137 1357 est
1155 1322 1277 1356 dictus
1298 1333 1329 1359 a.
1349 1326 1429 1364 333,

199 1368 264 1402 sed
298 1367 582 1402 Constantinum
614 1381 647 1404 n.
682 1373 750 1404 316
790 1368 850 1403 uel
884 1368 1161 1413 Constantium,
1198 1369 1261 1414 qui
1296 1381 1331 1403 n.
1361 1373 1429 1404 317

201 1422 335 1458 Caesar
361 1425 416 1458 est
442 1423 561 1458 dictus
587 1436 620 1459 a.
647 1428 715 1459 324
742 1424 775 1459 d.
803 1429 823 1459 S
850 1424 960 1466 Nou.)
992 1418 1196 1472 instituit,
1228 1419 1300 1459 sed
1326 1421 1428 1472 post

199 1476 328 1517 breue
373 1478 541 1530 tempus
586 1477 646 1518 ibi
695 1477 878 1518 decessit
928 1483 1024 1525 (Par.
1059 1488 1167 1527 3,15
1202 1483 1289 1518 hinc
1320 1486 1429 1518 tenus

200 1531 387 1576 Europam
419 1533 520 1568 fama
553 1534 738 1568 crescente
765 1534 883 1578 petito
912 1534 1254 1579 Constantinopolis
1279 1534 1429 1569 rhetore

198 1581 235 1613 te
274 1580 404 1624 uiguit.
455 1580 550 1615 Prof.
581 1585 642 1623 16,
672 1585 713 1615 15
751 1580 829 1615 illic
869 1581 972 1616 diues
1011 1593 1121 1626 opum
1162 1582 1344 1625 doctoque
1376 1581 1429 1616 ibi

200 1626 353 1662 Caesare
374 1627 534 1662 honorus
557 1627 756 1662 occumbis
791 1628 834 1663 cf.
858 1627 1014 1664 Gratiar.
1036 1631 1106 1663 act.
1127 1632 1188 1663 31:
1218 1629 1314 1663 Nolo
1336 1627 1428 1663 Con—

198 1674 352 1708 stantini
379 1677 589 1719 temporum
615 1676 744 1709 taxare
771 1675 952 1720 collegas:
986 1676 1162 1710 Caesares
1188 1676 1426 1711 docebantur.

197 1721 295 1756 Prof.
325 1726 384 1765 16,
416 1726 457 1757 17
497 1722 535 1756 in
566 1722 727 1766 patriam
761 1724 884 1757 sedem
915 1723 1093 1768 principis
1125 1723 1285 1767 Augusti
1318 1723 1427 1767 (Con-

201 1768 370 1812 stantini)
403 1768 567 1804 restituit
598 1769 728 1814 pietas.
783 1771 864 1805 Par.
892 1774 930 1814 4,
958 1773 1001 1805 25
1034 1782 1099 1815 per
1125 1770 1224 1805 trina
1249 1769 1429 1805 decennia

198 1815 304 1850 fletus
331 1827 353 1850 a
378 1817 509 1861 patre).

198 1875 379 1930 Propter
406 1877 606 1918 auunculi
633 1877 866 1919 discessum
891 1878 1169 1933 Burdigalam
1197 1892 1293 1919 cum
1319 1877 1428 1918 redi-

198 1935 303 1976 isset
347 1936 564 1978 Ausonius
620 1943 690 1984 (uir
720 1943 803 1978 Par.
837 1948 874 1988 3,
908 1944 960 1991 9),
1004 1937 1231 1978 rhetoricis
1273 1936 1426 1977 studiis

198 1994 395 2048 inprimis
429 2010 473 2036 se
506 1995 672 2037 dedisse
705 1996 893 2050 uidetur,
925 1997 1343 2049 clarissimorumque
1377 2009 1427 2036 eo

197 2058 390 2107 tempore
422 2054 642 2096 rhetorum
677 2054 906 2109 disciplina
931 2056 1147 2097 utebatur:
1180 2054 1426 2095 Mineruii

199 2118 311 2159 (Pi-of.
338 2123 366 2162 1,
385 2124 437 2155 11.
455 2124 508 2154 25.
525 2119 598 2167 38),
620 2127 744 2168 quem
764 2117 926 2168 postea,
948 2129 1042 2156 cum
1062 2114 1223 2155 Romae
1239 2113 1427 2168 degeret,

197 2168 481 2224 Symmachus
522 2187 690 2226 quoque
733 2173 897 2214 audiuit
929 2180 1009 2225 {Ep
1035 2179 1141 2214 VIIII
1168 2183 1223 2221 88,
1250 2178 1305 2224 3),
1342 2171 1426 2212 ΑΙ-

197 2230 313 2271 cimi
346 2236 457 2278 (Prof.
486 2242 517 2281 2,
545 2237 602 2272 281>
637 2232 853 2286 etiamque
887 2235 935 2273 ut
964 2232 1129 2274 videtur
1156 2229 1425 2285 Delphidii

200 2295 311 2336 (ΡΙ-οἱ.
340 2295 394 2343 5),
439 2290 557 2332 cuius
599 2294 765 2344 patrem
811 2292 1035 2333 clariorem
1080 2291 1186 2345 filio,
1230 2289 1426 2344 proximo

1560 323 1563 376 l
