1563 2511
623 29 943 70 —472—

262 134 407 169 Terent.
434 134 526 168 Eun.
554 132 646 178 prol.
673 136 717 167 45
745 132 909 168 animum
937 132 1131 176 attendite,
1158 134 1197 168 ut
1224 133 1466 179 pernoscatis,

258 181 347 226 quid
373 180 444 215 sibi
469 180 670 215 Eunuchus
697 179 799 214 uelit.

187 233 232 263 54
258 228 387 263 multi:
415 239 444 263 e.
473 239 506 272 g.
537 226 632 263 Plin.
659 239 693 263 n.
721 227 756 263 h.
785 226 854 261 VII
883 230 961 262 119.

186 279 229 311 56
259 274 290 311 (Ι
317 275 360 310 cf.
389 279 443 311 85.

188 327 229 358 72
260 321 292 358 (Ι
319 322 364 357 cf.
393 325 471 357 162.
517 321 692 366 Cypriani
712 320 824 356 Exod.
849 325 937 356 1262
965 332 1047 356 cum
1075 321 1215 364 subito,
1241 321 1467 357 horrendum

257 369 352 413 uisu,
379 369 472 404 nubs
498 368 643 414 fulgida
669 369 783 404 00010.

187 421 229 452 76
258 418 290 456 (Ι
317 415 362 452 ef.
389 420 445 452 81.

185 467 229 498 84
258 464 290 501 (Ι
316 463 411 499 infra
439 466 516 498 128

186 515 229 547 85
258 507 327 554 όρα
354 509 474 551 zelos:
515 510 635 545 Schol.
665 509 834 545 Juuenal.
862 508 965 544 XIIII
992 512 1071 544 328.
1128 509 1281 555 Diogen.
1311 508 1396 543 VIII
1422 513 1464 544 51

256 558 358 598 τέλος
386 554 459 602 ὅρα
486 557 632 601 μακροῦ
661 557 753 601 βίου.

187 608 230 640 87
259 604 367 641 Ouid.
387 605 435 640 M.
462 603 514 639 III
542 608 607 639 137
634 603 769 638 ultima
795 613 941 648 semper
967 604 1197 648 expectanda
1223 603 1301 638 dies
1327 603 1469 639 homini

258 652 404 696 dicique
419 652 549 687 beatus
565 651 650 685 ante
663 651 806 686 obitum
818 661 925 685 nemo
941 661 1184 695 supremaque
1199 651 1328 685 funera
1344 651 1466 686 debet.

188 704 231 735 93
260 699 303 734 ef.
330 699 450 734 Varro
477 697 706 733 Hecatombe
733 702 777 733 96
804 697 863 733 B.:
897 697 1028 733 Ludon
1053 697 1170 732 fluens
1196 699 1262 733 sub
1290 697 1467 733 Sardibus

257 747 394 781 flumen
430 745 520 780 tulit
558 756 706 790 aurum,
750 744 846 779 laber
885 744 984 788 quod
1023 744 1294 789 conquadrauit
1330 746 1467 790 regius.

262 793 362 828 idem
383 793 524 828 Serran.
547 795 616 827 474
636 791 694 827 B.:
722 792 786 826 ubi
810 791 983 826 dicuntur
1008 791 1158 826 barbari
1182 792 1470 828 innumerabiles

261 841 399 876 lateres
426 849 557 874 aureos
583 838 769 874 habuisse.
821 838 1020 884 Gregorius
1045 839 1202 884 Magnus
1228 838 1384 884 dialog:
1416 839 1470 874 ibi

260 887 443 932 quaedam
487 887 602 922 mirae
645 885 837 930 potentiae
876 886 1142 922 aedificabatur
1185 886 1335 931 domus,
1375 897 1469 932 quae

259 935 381 970 aureis
407 933 604 970 uidebatur
629 933 808 968 lateribus
836 933 1011 969 construi.

164 987 232 1018 100
259 981 396 1025 (Schol.
423 981 587 1017 Iuvenal.
614 984 674 1024 14,
703 984 788 1016 120:
814 980 932 1016 beati:
960 980 1081 1025 qualis
1107 980 1293 1026 Apollinis
1320 981 1469 1017 oraculo

258 1029 469 1064 declaratus
502 1029 558 1064 est
588 1027 827 1063 felicissimus
853 1027 995 1073 Aglaus
1019 1028 1153 1073 Areas,
1180 1028 1243 1072 qui
1268 1040 1470 1073 numquam

262 1076 425 1121 patrium
452 1075 616 1121 agellum
643 1077 883 1111 excesseras

168 1128 234 1159 118
263 1124 403 1158 Seneca
427 1124 557 1168 Agam.
586 1126 654 1157 446
682 1123 729 1157 ad
755 1122 937 1158 militares
963 1134 1085 1158 remus
1113 1125 1262 1179 aptatur
1287 1133 1428 1157 manus

166 1175 233 1206 128
260 1171 463 1206 Menander
495 1169 576 1212 (IIII
612 1173 678 1204 192
699 1169 762 1214 M.)
796 1167 891 1214 ὑπερ
923 1167 993 1215 γὰρ
1028 1167 1112 1210 ἑνὸς
1145 1167 1267 1214 ἀλγῶν
1300 1166 1471 1210 ἅπαντας

260 1217 443 1253 νουθετῶ.
486 1217 632 1253 Terent.
653 1216 809 1262 Adelph.
832 1221 875 1252 96
896 1217 988 1253 11000
1009 1228 1120 1262 quom
1142 1217 1210 1261 1111,
1231 1216 1354 1262 Μ1010,
1376 1217 1470 1261 dico,

262 1265 331 1300 tibi
359 1265 452 1300 dieo.

164 1317 230 1349 132
260 1312 291 1349 (Ι
318 1311 362 1347 Cf.
391 1315 470 1347 229.

164 1365 229 1396 137
260 1359 292 1396 (Ι
319 1359 379 1394 Gr.
405 1359 486 1394 Aet.
517 1363 559 1393 19
586 1358 769 1393 Laconica
794 1359 989 1394 breuitate.

259 1405 474 1450 Symmachi
501 1417 545 1449 ep
584 1405 599 1439 I
628 1409 671 1440 14
705 1408 831 1451 (supra
862 1418 897 1450 p.
927 1407 1008 1450 141)
1043 1406 1249 1442 Laconicae
1282 1406 1470 1441 breuitati.

260 1453 304 1488 cf.
334 1452 366 1489 (Ι
393 1454 458 1499 Ep.
476 1418 662 1488 XXVIIII
690 1457 745 1488 36.

166 1505 232 1537 138
259 1501 304 1536 cf.
333 1465 462 1535 Cicero
490 1500 535 1535 de
561 1500 622 1535 fin.
652 1500 683 1535 V
710 1501 784 1545 (16)
812 1504 869 1536 44.

165 1553 230 1584 141
258 1547 387 1583 Horat.
420 1548 489 1582 Ars
523 1551 567 1582 39
603 1553 750 1582 uersate
784 1547 862 1591 diu,
904 1547 993 1592 quid
1024 1547 1119 1584 ferre
1153 1550 1343 1592 recusent,
1383 1547 1471 1592 quid

263 1594 415 1630 ualeant
440 1594 596 1630 1111111011.

166 1647 231 1678 149
258 1642 378 1678 Plaut.
413 1641 523 1678 Poen.
557 1641 573 1676 I
606 1645 644 1686 2,
678 1645 722 1677 29
759 1643 890 1678 modus
930 1643 1100 1678 omnibus
1136 1643 1173 1677 in
1210 1643 1329 1687 rebus,
1369 1653 1472 1678 soror

263 1692 456 1735 optumum
484 1690 541 1724 est
565 1688 708 1724 habitu.

166 1741 232 1772 150
261 1737 305 1773 cf.
337 1736 460 1771 Plaut.
495 1735 599 1781 capt.
635 1735 729 1781 prol.
758 1740 798 1771 11
834 1738 948 1782 negat
980 1737 1104 1772 hercle
1133 1737 1254 1783 [uero]
1287 1736 1351 1772 ille
1384 1736 1470 1772 ulti-

258 1795 340 1819 mus
367 1784 436 1818 eto.

169 1835 234 1866 151
264 1831 308 1866 cf.
335 1830 415 1865 Liu.
443 1830 530 1874 epit.
559 1834 613 1867 99.

260 1877 380 1959 &sinii
406 1877 499 1912 Poll.
527 1888 583 1922 ep.
612 1878 658 1913 ad
680 1878 894 1914 Ciceronem
916 1879 977 1922 (ad
998 1879 1084 1914 fam.
1105 1879 1137 1913 X
1158 1883 1213 1921 32,
1235 1880 1283 1923 2).
1323 1878 1471 1914 Sueton.

291 1935 363 1959 aes.
393 1928 448 1959 39.

260 1972 346 2007 Tac.
374 1973 417 2007 A.
443 1970 529 2005 XIII
555 1975 599 2006 54
625 1971 692 2006 XV
719 1976 774 2007 32.

167 2023 234 2054 153
261 2018 383 2054 Plaut.
404 2017 511 2053 Truc.
531 2019 624 2063 prol.
652 2023 673 2053 4
700 2019 787 2063 quid
807 2025 929 2056 nunc?
957 2020 1106 2055 daturin
1126 2020 1215 2056 estis
1237 2032 1284 2056 an
1309 2024 1405 2055 non?
1425 2040 1471 2046 ——

260 2066 434 2101 adnuont.

169 2117 236 2149 156
262 2113 379 2148 Varro
407 2116 475 2147 320
501 2112 541 2147 Β.
577 2112 667 2157 quid
694 2112 795 2148 aliud
823 2116 889 2156 est,
922 2114 1023 2158 quod
1048 2114 1231 2159 Delphica
1256 2116 1385 2150 cantat
1411 2125 1471 2149 00-

259 2161 387 2195 lumna
411 2158 548 2194 fitteris
576 2160 650 2194 suis
677 2157 776 2205 ἄγαν
802 2158 950 2205 μηθένῖ

167 2212 233 2243 160
260 2208 388 2242 Hoxffat
418 2206 493 2242 S.1
522 2210 648 2250 1,106
677 2209 733 2242 est
758 2208 887 2243 modus
913 2208 951 2243 in
977 2208 1095 2243 rebus.

166 2259 232 2290 162
261 2253 293 2290 (Ι
321 2254 364 2289 ef.
395 2258 447 2289 72.

261 2301 410 2347 Septem
437 2312 512 2346 sap.
539 2303 629 2338 sent.
657 2305 701 2336 49
730 2301 817 2337 satis
843 2302 925 2346 1100,
951 2313 997 2337 110
1025 2303 1073 2337 sit
1099 2305 1136 2337 et
1161 2303 1230 2338 hoc
1256 2303 1423 2339 nimium.
