1563 2511
596 118 643 122 —
710 105 839 135 CVIIII
905 118 951 123 --

221 196 338 241 primo
364 198 506 232 remeat
523 196 685 232 trieteris
706 197 752 231 ab
778 208 885 240 anno,
914 196 1148 241 Septembres
1168 196 1266 232 notis
1286 196 1447 232 referens

220 244 405 278 natalibus
434 243 529 279 Idus.
576 247 619 278 15
647 244 815 288 deposito
841 255 955 288 prope
983 245 1237 279 conclamatus
1263 244 1301 278 in
1329 247 1446 287 aeuo).

101 305 186 347 388
221 304 257 345 d.
284 305 337 345 27
361 304 468 359 Aug.
501 304 819 346 Theodosius
846 303 1081 346 Maximum
1115 306 1280 359 deuicit,
1312 304 1447 359 Aqui—

220 363 328 405 leiae
366 363 578 404 inclusum
616 362 824 417 supplicio
863 363 981 405 dedit
1019 369 1137 412 (Oros.
1171 371 1239 405 VII
1265 374 1321 414 35,
1349 375 1368 404 2
1395 381 1447 414 sq.

219 420 379 465 Epitom.
395 424 451 464 48,
468 424 500 455 6.
522 420 651 454 Pacati
670 431 802 465 paneg.
817 424 872 455 45.
907 419 1043 465 Sulpic.
1060 420 1182 456 Seuer.
1204 421 1283 455 uita
1296 419 1449 455 Martini

221 471 278 511 20,
299 471 330 503 9.
357 467 443 501 Vrb.
466 471 509 502 67
524 469 627 511 sqq.)

220 519 321 571 post
353 516 530 557 Maximi
563 517 727 557 obitum
754 515 1011 557 Ausonius
1043 516 1228 569 publicis
1261 516 1448 571 negotiis

221 575 374 629 positis
409 576 572 629 aliquot
603 590 677 628 per
707 590 841 616 annos
870 575 957 616 otio
984 575 1143 615 litteris
1171 575 1312 616 dicato
1338 575 1448 616 frue-

222 635 349 675 batur
375 633 687 688 Burdigalae
721 638 795 674 aut
826 634 872 674 in
902 634 996 688 ipsa
1027 635 1131 675 urbe
1159 636 1234 675 aut
1259 634 1301 675 in
1328 649 1448 688 prae-

224 693 302 733 diis
337 693 423 733 suis
457 696 532 734 aut
563 692 765 746 amoenis,
798 708 905 748 quae
937 707 1068 747 prope
1101 693 1285 747 patriam
1318 695 1451 746 erant,

222 751 481 806 regionibus,
514 752 812 807 gaudebatque
845 752 1067 793 doctorum
1094 752 1325 793 amicorum
1354 766 1450 793 con-

220 810 391 863 mercio,
423 825 517 852 cum
544 810 726 865 Paulini,
759 811 832 866 qui
864 825 998 865 usque
1026 811 1078 852 ad
1105 826 1140 852 a.
1161 811 1245 852 389
1272 811 1328 852 in.
1366 810 1448 851 He-

222 869 418 923 bromagi
457 870 657 923 degebat,
695 874 787 911 tum
826 869 1030 923 Theonis,
1068 869 1167 910 Axii
1200 869 1339 922 Pauli,
1377 870 1450 910 Te-

220 929 362 969 tradii.
412 934 515 976 (Tres
548 934 685 969 diuersi
710 935 798 970 anni
824 935 910 969 solis
937 934 1103 979 epistolis
1129 935 1199 968 IIII
1225 935 1276 969 VI
1302 936 1339 969 et
1363 935 1451 969 VIII

221 984 495 1030 significantur,
528 984 663 1029 quibus
688 985 844 1020 Paulum
872 985 1055 1019 Santonos
1082 985 1233 1028 inuitat,
1268 986 1305 1020 et
1329 985 1451 1030 prima

221 1032 369 1076 quidem
404 1034 489 1066 ante
515 1033 670 1077 pascha,
703 1033 804 1067 cuius
832 1032 1028 1067 sollemnia
1055 1044 1091 1067 se
1118 1034 1293 1067 reuocent
1319 1033 1451 1067 Burdi—

223 1079 366 1123 galam,
392 1080 510 1114 altera
536 1080 663 1114 statim
689 1082 774 1125 post
798 1079 949 1124 pascha,
975 1080 1087 1114 tertia
1113 1090 1238 1114 mense
1265 1079 1449 1115 Ianuario.

222 1136 295 1160 non
321 1125 460 1161 eisdem
486 1127 550 1161 sed
577 1126 660 1161 aliis
681 1128 787 1161 annis
807 1127 963 1161 forsitan
984 1126 1250 1161 adscribendae
1272 1127 1347 1161 sint
1365 1138 1448 1171 epp.

222 1173 292 1207 VII
317 1175 354 1207 et
379 1173 481 1207 VIIII
507 1185 590 1208 cum
617 1173 788 1218 decima.)

220 1243 374 1279 Ausonii
394 1244 465 1279 duo
482 1244 636 1287 praedia
657 1246 771 1287 erant,
793 1245 911 1278 altera
931 1243 1211 1278 Lucaniacus
1230 1243 1312 1289 (Ep.
1328 1243 1448 1279 XXVI

102 1303 155 1336 pr.
186 1295 246 1334 12,
280 1303 336 1335 ep.
364 1295 425 1334 48,
459 1296 496 1334 7,
528 1291 593 1336 Ep.
619 1291 740 1325 XXVI
771 1296 833 1334 44,
866 1292 933 1335 Ep.
966 1291 1051 1324 XVI
1083 1293 1117 1335 5)
1150 1291 1211 1325 uel
1246 1291 1450 1326 Lucanus

103 1338 267 1372 fundus
294 1338 455 1382 (Paulini
490 1339 554 1383 Ep.
582 1337 701 1372 XXXI
728 1340 827 1383 25ss):
862 1341 925 1373 aut
956 1337 1198 1383 Lugagnac
1231 1350 1345 1383 prope
1379 1340 1451 1374 Du—

102 1384 198 1420 ranii
232 1384 343 1428 ostia,
383 1387 447 1419 aut
485 1385 687 1430 Loupiac
726 1397 840 1430 prope
880 1384 1088 1420 Cadillac
1125 1385 1171 1419 ad
1213 1385 1449 1428 Garumnam,

105 1432 203 1477 quod
224 1432 446 1467 Dezeimeris
467 1443 510 1466 ex
530 1433 679 1467 Leontii
700 1432 845 1467 Lasciui
869 1432 995 1477 lapide
1021 1433 1074 1467 ibi
1100 1432 1253 1467 inuento
1281 1432 1450 1468 coniecit.

104 1479 160 1514 Ibi
181 1479 310 1513 uillam
337 1479 499 1514 habebat
524 1480 638 1524 signis
660 1482 828 1515 ornatam
849 1481 930 1524 (Ep.
951 1479 1037 1514 XVI
1058 1484 1078 1514 5
1099 1479 1191 1514 uilla
1210 1479 1448 1522 Lucani-aco;

103 1538 161 1571 ep.
195 1530 239 1561 48
273 1527 419 1571 signum
450 1538 699 1561 marmoreum
730 1528 869 1562 Bacchi
900 1528 938 1561 in
969 1527 1062 1561 uilla
1093 1528 1253 1570 nostra),
1293 1528 1451 1562 culmine

103 1575 315 1618 surgentem
342 1574 499 1618 superbo
527 1574 717 1617 (Paulinus
744 1587 776 1610 u.
799 1578 882 1609 256:
918 1576 983 1609 aut
1008 1586 1090 1609 cum
1117 1573 1255 1608 Lucani
1281 1575 1451 1609 retineris

103 1621 262 1656 eulmine
284 1621 399 1664 fundi,
427 1622 574 1656 aemula
594 1621 782 1656 Romuleis
804 1622 977 1656 habitans
1004 1620 1157 1665 fastigia
1182 1621 1306 1664 tectis)
1334 1633 1451 1666 eoque

103 1667 240 1703 inuitat
265 1667 451 1703 Theonem
479 1667 557 1713 (Ep.
584 1668 668 1702 XVI
695 1671 746 1712 5):
782 1680 892 1712 quem
919 1680 941 1702 a
966 1669 1183 1703 Dumnitoni
1210 1669 1319 1703 litore
1346 1671 1450 1704 aestu

103 1715 288 1759 perlatum
323 1715 368 1750 ad
403 1715 604 1750 Condatem
637 1719 784 1760 portum
817 1716 1072 1761 (Libourne,
1103 1715 1168 1749 ubi
1200 1715 1283 1750 Lila
1315 1715 1353 1750 in
1379 1716 1451 1751 Du—

103 1762 249 1796 ranium
286 1762 421 1806 influit)
460 1763 639 1806 petorrita
676 1762 912 1797 inuenturum
950 1763 1138 1807 promittit
1177 1765 1224 1805 (u.
1265 1765 1340 1807 32)3
1386 1774 1453 1808 per

105 1809 260 1843 eundem
295 1809 372 1843 sine
406 1809 518 1844 dubio
550 1813 698 1854 portum
732 1810 923 1854 (oppidum
957 1810 1049 1844 dicit
1085 1812 1199 1854 poeta
1232 1810 1298 1854 Ep.
1333 1810 1452 1845 XXVI

103 1867 158 1900 pr.
187 1858 244 1901 11)
270 1857 402 1891 Philon
428 1857 561 1891 uilicus
589 1858 774 1892 frumenta
800 1859 996 1901 conportat
1020 1856 1067 1890 ad
1093 1857 1243 1900 uillam,
1275 1869 1389 1901 quare
1414 1858 1453 1893 in

106 1902 315 1938 Condatino
341 1903 425 1938 uico
453 1904 562 1938 sitam
588 1904 763 1939 Paulinus
790 1917 823 1938 u.
852 1907 920 1939 258
946 1904 1046 1938 dicit.

223 1950 328 1984 Hanc
361 1962 441 1985 esse
474 1951 661 1994 uillulam,
694 1951 764 1985 hoc
796 1951 1080 1986 herediolum
1115 1950 1298 1996 suspicor,
1336 1952 1452 1996 quod

104 1999 234 2042 pater
276 1997 533 2042 reliquerat
575 1998 680 2033 filio
725 1998 926 2043 (Herediol.
968 2001 1019 2044 1),
1065 1999 1261 2043 paruulum
1302 1999 1451 2042 quidem

105 2047 155 2087 (u.
183 2048 219 2086 93
246 2045 358 2089 paulo
386 2044 468 2089 plus
494 2045 730 2090 septingenta
756 2046 885 2090 iugera
912 2047 1086 2088 habebat,
1113 2058 1146 2079 u.
1175 2050 1216 2079 21
1241 2049 1353 2090 sqq),
1390 2046 1453 2081 sed

106 2092 291 2126 excultum
320 2103 341 2126 a
366 2091 569 2127 maioribus
590 2094 639 2136 (u.
664 2096 681 2126 1
698 2104 777 2137 sqq.
807 2092 988 2127 maiorum
1013 2103 1128 2137 regna
1148 2104 1325 2135 meorum,
1353 2093 1452 2137 quod

105 2149 278 2182 proauus,
305 2139 402 2183 quod
429 2149 536 2182 auus,
571 2140 667 2183 quod
695 2147 801 2184 pater
827 2141 1022 2182 excoluit),
1058 2150 1175 2184 prope
1210 2151 1356 2175 amnem
1388 2152 1451 2174 na-

105 2185 276 2229 uigerum
308 2197 354 2221 sc.
383 2185 607 2221 Garumnam
640 2189 690 2230 (u.
719 2190 762 2221 25
797 2187 915 2221 amnis
946 2188 1100 2231 nauiger
1134 2187 1193 2221 hic
1226 2187 1360 2222 refluus
1393 2198 1451 2221 me

106 2232 211 2266 uehit
242 2244 284 2267 ac
316 2232 476 2275 reuehit,
510 2233 556 2268 cf.
592 2233 656 2278 Ep.
690 2234 774 2268 XVI
808 2238 849 2268 31
884 2245 975 2268 unus
1011 2233 1229 2268 Dumnitoni
1267 2235 1304 2268 te
1342 2235 1451 2268 litore

107 2278 268 2323 perferet
292 2283 416 2315 aestus
443 2279 645 2315 Condatem
672 2281 719 2315 ad
745 2283 920 2326 portum),
946 2293 1014 2316 nec
1040 2281 1169 2325 procul
1196 2282 1285 2315 urbe
1312 2280 1453 2324 (Burdi-

107 2326 208 2371 gala)
242 2326 355 2361 situm
386 2338 453 2362 nec
485 2339 632 2372 prorsus
667 2329 713 2363 ad
739 2329 868 2364 urbem
896 2330 943 2372 (u.
971 2331 1043 2373 29).
1101 2340 1193 2372 quae
1220 2339 1304 2362 cum
1331 2327 1454 2362 omnia
