1563 2511
620 48 942 89 —309—

38 198 195 225 xxxnn
220 197 354 229 [panum
374 204 396 224 ο.
412 198 461 229 111]
601 187 691 239 <AD
724 188 961 242 EVNDEM>.

108 282 313 335 Pauperis
346 283 393 321 ut
423 280 594 334 placeat
625 293 770 321 earum
803 280 885 321 tibi
917 295 1070 323 munus
1103 283 1245 337 amici,

107 340 286 381 Munera
316 354 370 380 ne
402 341 592 392 reputes,
624 353 731 392 quae
763 339 900 380 mittis
934 340 1040 381 ditia
1070 341 1206 383 nobis.

107 398 220 440 Nam
251 398 334 439 tibi
366 397 467 452 quid
498 397 675 452 dignum
706 396 889 438 referam
922 412 999 452 pro
1033 398 1222 452 piscibus
1255 400 1360 454 illis,

109 456 223 506 Quos
255 457 338 498 tibi
368 455 558 497 uicinum
589 455 794 510 locupleti
827 456 997 511 gurgite
1029 457 1131 498 litus

109 515 368 570 Suppeditat
399 514 532 556 miros
567 514 706 568 specie
737 514 959 569 formaque
992 515 1258 569 diremptos?
1433 528 1452 558 5

107 574 167 616 At
198 574 306 616 mihi
336 574 408 615 uix
440 574 528 615 alto
560 573 672 615 uada
702 587 778 627 per
812 588 966 616 saxosa
997 574 1210 628 profundo

107 634 245 675 Rarus
276 633 321 674 in
353 633 535 675 obscura
566 634 797 687 generatur
830 632 1095 687 sphondylus
1130 633 1240 688 alga.

107 691 219 734 Hinc
251 694 292 733 te
324 691 588 746 participans
622 691 689 732 bis
723 692 908 746 quinque
941 695 983 733 et
1014 693 1082 734 bis
1114 692 1195 733 tibi
1227 694 1372 734 ternas

109 751 347 792 Transmisi
379 764 589 805 aequoreo
621 750 862 792 redolentes
895 753 1064 792 nectare
1095 753 1250 806 testas,

109 810 224 858 Quas
257 810 399 851 uiscus
432 808 658 863 praedulce
689 809 826 863 replet
858 809 1046 851 bieolore
1079 809 1277 851 medulla.
1412 821 1453 852 10

109 867 192 910 Oro
225 869 364 910 libens
397 882 560 922 sumas,
590 882 668 910 neo
699 867 803 908 uilia
834 868 1093 923 dedigneris,

111 927 229 976 Quae
262 930 363 968 sunt
394 941 545 981 parua,
577 926 751 968 modum
783 941 939 982 magno
972 927 1148 969 metitus
1182 941 1339 969 amore.

37 1124 154 1150 xxxv
439 1111 739 1147 FRAGMENTA
765 1111 1123 1148 EPISTVLARVM.

64 1207 80 1237 1
109 1195 261 1237 Redite
296 1211 462 1238 sursum
493 1196 686 1238 flumina!

62 1312 82 1343 2
110 1300 425 1357 Inuestigatum
455 1302 568 1344 ferre
600 1302 700 1344 dolo
733 1303 933 1357 leporem.

61 1419 81 1450 3
110 1406 226 1456 Quae
257 1410 404 1450 tantae
435 1410 608 1450 tenuere
640 1423 784 1450 morae
816 1423 987 1450 rumore
1020 1409 1098 1450 sub
1132 1408 1277 1450 omni?

203 1523 377 1558 XXXIIII
401 1536 486 1558 ΙΤΕΜ
511 1536 594 1558 AmA
619 1535 763 1563 ADQVEM
789 1536 897 1558 svaR
929 1523 963 1557 V
990 1536 1036 1558 AD
1063 1536 1204 1559 EvNDEx
1229 1524 1403 1570 Luydzm·
1496 1525 1533 1558 V

112 1570 272 1606 Gestz‘dz’i
294 1572 418 1614 potius
443 1582 513 1606 esse
537 1571 602 1606 hoc
629 1581 772 1606 carmen
796 1582 904 1616 quam
924 1570 1080 1606 Paulini
1105 1575 1219 1607 censet
1244 1571 1405 1607 Vinetus.

109 1621 128 1651 2
156 1628 250 1665 quae
285 1617 319 1653 V
390 1622 410 1653 5
437 1617 639 1662 diremptos
672 1618 824 1653 Vz‘netus
856 1618 1021 1663 direptor
1052 1617 1087 1653 V
1163 1623 1182 1653 7
1210 1617 1392 1653 sfondilus
1424 1618 1460 1654 V

149 1670 193 1746 ·9d
215 1676 400 1747 aessuoreo
440 1665 475 1698 V
570 1669 613 1700 10
651 1665 848 1711 praedulce
887 1665 921 1699 V
1017 1669 1059 1699 12
1097 1664 1248 1700 modum
1280 1666 1456 1711 Scaliqer,

106 1723 167 1746 mo
197 1723 217 1747 ο

202 1769 339 1804 XXXV
371 1771 513 1805 Auctor
538 1771 580 1805 de
605 1771 728 1806 dubiis
754 1771 963 1806 nominibus
987 1771 1163 1812 (Gramm.
1192 1771 1254 1806 lat.
1278 1771 1324 1814 V)
1334 1785 1344 1804 .-
1371 1774 1455 1815 579,

107 1820 129 1853 3
151 1817 199 1853 K.
226 1818 384 1852 Flumen
408 1817 553 1862 generis
579 1818 719 1862 neutri,
745 1818 787 1852 ut
811 1818 996 1853 Ausonius
1024 1817 1212 1861 (auronius
1233 1818 1294 1862 M)
1322 1818 1455 1854 ‘redite

107 1876 253 1899 rursum
280 1866 384 1908 (corr.
412 1865 556 1910 Peiper)
581 1864 761 1900 flumina’.

203 1916 223 1946 2
251 1913 356 1947 Idem
376 1914 464 1956 582,
478 1914 545 1947 27.-
571 1912 692 1958 Lepus
713 1912 859 1956 generis
879 1912 1086 1956 masculini,
1113 1914 1154 1947 ut
1173 1912 1358 1947 Ausonius
1387 1912 1454 1947 ‘in-

107 1959 337 2004 uestigatum
363 1959 449 1994 ferri
476 1959 582 1994 dolus
607 1959 742 2004 lepori’
772 1970 862 1995 corr.
890 1960 1020 2004 Peipeo·
1046 1962 1109 2003 (an
1135 1959 1269 2005 dolis?)
1301 1958 1455 1994 inuesti-

110 2008 197 2051 gato
222 2006 318 2041 ferre
343 2006 449 2041 dolos
473 2007 593 2051 lepori
618 2007 796 2052 DIHaupt

204 2057 224 2088 3
252 2054 355 2089 Idem
381 2056 472 2097 589,
500 2057 540 2088 6:
583 2053 723 2089 Rumor
760 2054 904 2099 generis
942 2054 1157 2097 masculini,
1195 2055 1237 2088 ut
1271 2053 1454 2088 Ausonius

112 2100 221 2144 ‘quae
246 2121 292 2126 -——
319 2101 384 2135 sub
413 2102 527 2136 omni’
562 2101 588 2144 f.
618 2101 769 2135 suborto
793 2103 1027 2146 (quamquam
1052 2113 1126 2137 non
1151 2104 1201 2137 est
1225 2112 1291 2137 cur
1315 2111 1454 2135 maseu-

111 2148 226 2182 linum
245 2159 357 2193 yenus
377 2149 653 2184 demonstretur:
675 2150 720 2192 cf.
739 2149 897 2184 Paulim'
909 2160 952 2184 θα]
972 2150 1135 2184 oratione
1149 2149 1263 2185 locum
1278 2148 1322 2183 ab
1338 2147 1455 2183 eodem

111 2198 256 2230 auctore
281 2196 472 2231 laudatum
496 2206 611 2240 supra
636 2195 708 2240 Ep.
732 2196 915 2230 XXXII
932 2198 995 2240 10)
