1563 2511
608 41 900 82 -34-

10 172 68 205 135]
198 156 336 191 XXXII
367 155 430 190 DE
454 155 646 191 NOMINE
674 155 921 191 CVIVSDAM
947 155 1074 191 LVCII
1101 154 1316 190 SCVLPTO

595 209 648 243 IN
674 209 919 245 MARMORE

80 277 180 319 Vna
213 276 402 331 quidem,
435 276 619 331 geminis
652 277 790 331 fulget
823 280 888 318 set
921 276 1071 317 dissita
1103 275 1272 330 punctis

142 336 325 388 Littera,
357 349 619 389 praenomen
652 336 713 377 sic
747 334 874 388 <.L.>
907 338 1012 376 nota
1044 335 1135 376 sola
1167 334 1281 375 facit.

80 395 187 437 Post
206 393 285 436 .M.
306 394 487 435 incisum
514 397 591 448 est,
616 397 722 448 puto
750 395 810 436 sic
837 394 988 448 <.Ax.>
1014 408 1101 435 non
1126 396 1220 435 tota
1245 392 1431 434 uidetur:

86 464 90 468 “
142 453 344 495 Dissiluit
376 453 468 494 saxi
500 453 715 509 fragmine
747 454 890 494 laesus
924 466 1033 506 apex

81 513 173 556 Nec
213 512 460 566 quisquam,
498 524 672 554 MARws
706 527 780 554 seu
812 523 1013 554 MARclvs
1046 525 1154 553 anne
1187 521 1432 552 METELLVS

142 570 224 613 Hic
256 572 410 624 iaceat,
443 572 571 612 certis
604 571 772 612 nouerit
806 571 988 612 indiciis
1412 580 1430 611 6

80 630 308 672 Truncatis
342 630 548 671 conuulsa
579 630 720 671 iacent
752 630 966 671 elementa
997 630 1165 684 figuriS‚

143 688 298 731 Omnia
331 688 522 730 confusis
555 689 754 730 interiere
784 690 911 730 notis.

83 748 288 790 Miremur
319 747 500 802 periisse
531 747 760 789 homines?
823 749 1100 789 monumenta
1133 747 1356 800 fatiscunt3

142 807 259 849 Mors
293 806 424 847 etiam
459 806 573 847 saxis
606 807 938 862 nominibusque
971 806 1099 848 uenit.
1391 815 1432 846 10

13 936 76 967 [252
89 934 271 967 Epinxxxv]
300 921 457 956 XXXIII
482 921 622 956 IVSSV
648 921 860 956 AVGVSTI
887 921 1016 964 EQVO
1044 921 1331 956 ADMIRABILI

82 995 354 1049 Phosphore‚
387 995 567 1037 clamosi
601 995 795 1049 spatiosa
826 1009 901 1049 per
934 1008 1117 1049 aequora
1149 995 1249 1036 circi

144 1053 353 1108 Septenas
387 1054 540 1095 solitus
572 1054 712 1095 uictor
746 1053 864 1095 obire
897 1053 1008 1107 uias,

83 1113 417 1168 Inproperanter
450 1126 583 1167 agens
615 1112 777 1166 primos
811 1128 836 1154 a
867 1126 1034 1154 carcere
1067 1126 1235 1166 cursus,

143 1171 288 1213 Fortis
321 1172 585 1227 praegressis
619 1175 666 1213 ut
696 1172 906 1225 potereris
941 1171 1079 1226 equis:

84 1231 339 1284 Promptum
373 1233 415 1273 et
446 1231 614 1272 ueloces
649 1234 741 1272 erat
773 1231 1009 1285 anticipare
1043 1231 1291 1285 quadrigas:
1415 1241 1434 1272 5

144 1289 343 1331 Victores
377 1289 508 1331 etiam
541 1290 711 1331 uincere
744 1290 837 1331 laus
870 1290 1025 1343 potior.

87 1348 212 1390 Hunc
244 1348 420 1390 titulum
452 1349 554 1390 uani
587 1349 748 1390 solacia
782 1363 900 1390 sume
934 1349 1117 1403 sepulcri

146 1407 206 1449 Et
239 1407 416 1463 gradere
448 1407 620 1462 Elysios
653 1422 832 1462 praepes
866 1408 919 1449 ad
951 1407 1153 1462 alipedes.

90 1467 283 1521 Pegasus
317 1467 418 1508 hinc
450 1467 596 1508 dexter
628 1470 771 1508 currat
802 1467 902 1519 tibi,
935 1467 1083 1508 laeuus
1116 1467 1251 1509 Arion

148 1524 279 1568 Funis
314 1530 401 1580 eat,
434 1528 635 1580 quartum
667 1526 739 1567 det
770 1526 850 1567 tibi
884 1524 1039 1567 Castor
1071 1541 1237 1581 equum.

27 1599 106 1654 VZ-
188 1618 325 1652 XXXII
352 1619 584 1654 coniunctum
609 1629 689 1652 cum
714 1619 898 1662 superiore
921 1621 1085 1659 (numero
1110 1622 1142 1653 et
1166 1619 1275 1654 inser.
1303 1619 1384 1662 om.)
1410 1618 1445 1652 V

87 1667 198 1701 inser.
225 1676 268 1700 σεε
295 1666 328 1700 G
354 1676 420 1700 om.
453 1665 524 1700 VT
530 1665 579 1699 M
599 1665 698 1709 (lutii
725 1665 771 1710 G)
897 1671 912 1700 1
941 1665 1075 1700 Lucius
1101 1676 1175 1700 una
1200 1666 1350 1710 quidem
1377 1678 1439 1710 ge-

89 1712 199 1747 minis
226 1713 290 1746 sed
317 1712 363 1756 (si
391 1713 436 1756 T)
464 1713 497 1746 Z
581 1716 601 1746 2
631 1712 691 1746 .L.
718 1723 782 1747 om.
815 1713 888 1746 VZ
908 1715 912 1755 Ι
935 1712 1025 1747 fecit
1055 1713 1089 1746 V
1169 1717 1190 1748 3
1218 1713 1287 1749 .M.
1315 1724 1381 1748 om.
1410 1713 1443 1747 V

89 1760 129 1794 in
153 1771 213 1794 me
238 1759 276 1793 M
308 1762 313 1803 1
342 1761 427 1795 ,ΛΜ
454 1771 519 1794 om.
555 1759 628 1793 VZ
771 1765 790 1794 5
818 1760 940 1804 quisqS
973 1760 1007 1794 V
1037 1762 1041 1803 Ι
1077 1770 1220 1795 marcus
1253 1760 1324 1794 VZ
1348 1771 1438 1795 corr.

91 1807 300 1842 Gronouius
323 1811 327 1849 l
350 1807 506 1841 martius
541 1806 612 1840 VZ
694 1819 717 1841 a
742 1818 777 1842 u.
799 1811 821 1842 7
846 1819 981 1842 nouum
1007 1809 1114 1852 quast·
1138 1819 1281 1843 carmen
1307 1809 1440 1852 incipit

89 1865 197 1889 uersu
235 1865 352 1889 uacuo
390 1855 574 1889 interiecto
611 1858 643 1889 et
675 1856 779 1898 pieta
811 1856 954 1889 initiali
983 1855 1012 1889 T
1045 1858 1077 1889 et
1109 1856 1172 1890 hos
1196 1866 1324 1890 uersus
1348 1856 1441 1890 solos

89 1902 194 1936 habet
214 1913 241 1945 p
271 1902 446 1945 (praefixo
476 1898 523 1945 (Ι)
547 1905 550 1942 1
573 1900 764 1936 Troncatis
794 1902 826 1935 T
921 1906 941 1936 9
967 1902 1105 1946 perisse
1125 1913 1154 1946 Ρ
1177 1905 1181 1947 Ι
1203 1904 1441 1937 mvnumenta

96 1948 141 1983 V¹
165 1950 170 1993 Ι
192 1947 372 1983 fatiscunt
397 1948 442 1982 V¹
469 1948 654 1983 fatescunt
685 1948 732 1982 V2
831 1952 874 1983 10
900 1961 998 1984 mors
1025 1951 1041 1992 i·
1067 1950 1178 1984 etiam
1194 1961 1222 1994 p
1246 1952 1249 1993 Ι
1268 1949 1382 1995 f'saxis
1410 1949 1444 1984 V

47 2020 85 2054 V
193 2006 348 2040 XXXIII
386 2020 485 2041 xxxu
506 2008 625 2051 praef.
655 2007 688 2040 V
785 2012 799 2041 1
828 2007 1021 2053 prospbere
1048 2009 1087 2052 (h
1113 2009 1160 2042 al.
1184 2009 1265 2051 del.)
1293 2009 1326 2041 V
1348 2020 1439 2045 corr.

97 2053 247 2089 Vinctus
270 2055 274 2100 Ι
296 2064 436 2099 pauosa
464 2054 497 2087 V
519 2064 609 2089 corr.
630 2054 802 2100 Luqdzm.
830 2066 972 2099 panosa
996 2066 1064 2090 free.
1090 2067 1134 2090 m.
1160 2066 1205 2091 ss.
1232 2057 1273 2091 in
1299 2055 1333 2090 V
1350 2067 1439 2100 pan-

91 2135 182 2159 nosa
210 2124 360 2159 Vinctus
451 2129 471 2158 2
499 2127 651 2168 septena
679 2125 712 2159 V
734 2136 823 2161 corr.
851 2126 1023 2172 Luydmz.
1048 2128 1052 2169 Ι
1075 2111 1218 2161 cgrcere
1244 2128 1306 2170 (al.
1334 2138 1355 2161 a
1380 2129 1440 2170 ss.)

100 2171 134 2205 V
240 2176 262 2206 4
288 2172 415 2215 aequis
450 2172 483 2206 V
603 2178 622 2207 5
649 2176 836 2216 promtum
871 2173 903 2206 V
1009 2178 1028 2207 6
1054 2173 1181 2213 setiam
1209 2174 1246 2218 (a
1271 2176 1375 2218 eras.)
1410 2174 1443 2207 V

142 2223 161 2254 8
189 2218 308 2254 elisios
343 2219 373 2253 V
482 2224 502 2254 9
529 2220 614 2254 hinc
642 2224 680 2264 (n
706 2222 767 2263 al.)
800 2220 855 2265 V}
879 2220 1000 2255 dester
1031 2220 1076 2255 V¹
1100 2221 1243 2264 {sarion
1272 2221 1309 2264 gh
1335 2222 1439 2266 eras.)

102 2265 135 2299 V
230 2270 272 2301 10
300 2266 470 2301 funiseacl
496 2270 547 2312 (se
574 2268 611 2302 in
640 2268 726 2311 ras.)
759 2268 793 2301 V
836 2269 863 2310 f.
890 2268 1014 2302 funem
1042 2271 1140 2303 amet
1165 2270 1229 2313 et!
1258 2270 1327 2313 equ
1362 2269 1392 2303 Γ
