1563 2511
633 36 951 77 —463—

271 138 469 174 situdinem
495 139 648 174 nimiam
673 139 852 173 scandens
873 139 1084 183 gracilescit
1102 141 1294 185 paulatim,
1321 141 1468 176 umbras

269 197 413 231 quoque
438 186 654 222 mechanica
678 186 823 220 ratione
850 187 1043 222 consumit.

317 232 513 268 Cassiodor
539 233 625 267 Var.
651 232 720 267 VII
748 236 790 267 15
821 233 989 278 Pyramis
1021 234 1059 267 in
1091 235 1278 280 Aegypto,
1312 245 1467 278 quarum

267 280 305 314 in
346 291 411 315 suo
443 281 543 315 statu
575 292 612 315 se
645 279 776 314 umbra
806 291 1021 315 consumens
1053 282 1152 316 ultra
1183 282 1467 317 constructionis

265 327 397 372 spatia,
423 327 527 362 nulla
550 328 656 371 parte
682 326 888 371 respicitur.

315 373 428 409 Solin.
450 385 478 408 c.
495 378 538 408 35
559 374 686 418 itaque
706 385 914 408 mensuram
934 375 1146 409 umbrarum
1163 387 1329 420 egressae
1344 376 1465 411 nullas

263 421 403 456 habent
427 422 589 456 umbras.
640 420 818 465 Vegetius
843 420 913 455 IIII
940 425 995 456 30.

171 470 238 502 314
260 479 335 512 sqq.
363 468 456 502 Plin.
484 480 517 503 n.
544 468 581 501 h.
601 467 772 502 XXXIIII
796 471 861 503 148
887 470 1060 512 magnete
1086 468 1213 513 lapide
1239 470 1465 506 architectus

265 515 502 550 Timochares
528 514 775 550 Alexandriae
801 515 974 550 Arsinoes
999 516 1181 560 templum
1207 527 1465 552 concamerare

261 563 520 606 inchoauerat,
554 565 596 597 ut
628 562 666 596 in
693 573 735 597 eo
763 561 1000 596 simulacrum
1028 573 1046 597 e
1072 562 1169 598 ferro
1195 564 1356 608 pendere
1382 575 1466 599 aere

262 610 458 645 uideretur.
514 609 724 644 intercessit
760 608 876 654 ipsius
913 621 1011 644 mors
1050 612 1087 645 et
1118 609 1322 646 Ptolemaei
1352 610 1462 656 regis,

262 657 325 701 qui
350 656 389 690 id
415 657 531 691 sorori
557 667 642 691 suae
669 655 829 691 iusserat
853 656 942 691 fieri.

308 703 417 748 (Plin.
454 717 487 739 n.
521 704 555 738 h.
596 703 767 739 XXXVII
803 707 869 738 108
908 704 967 748 (de
999 704 1162 748 topazio)
1199 704 1284 739 inde
1323 704 1462 740 factam

261 751 422 786 statuam
448 751 627 786 Arsinoae
653 750 858 786 Ptolemaei
885 750 1122 795 Philadelphi
1153 751 1261 785 uxori
1287 752 1462 796 quattuor

260 798 485 842 cubitorum,
520 799 703 833 sacratam
728 798 767 832 in
792 798 945 833 delubro
972 799 1071 841 quod
1097 809 1247 833 aureum
1274 799 1460 844 cognomi-

259 845 428 881 nabatur.
450 846 494 882 cf.
516 844 672 880 XXXVI
693 850 746 880 68.
775 846 816 879 ut
841 845 954 880 refert
973 845 1124 879 Rufinus
1144 845 1228 880 hist.
1251 846 1380 881 eccles.
1400 846 1462 890 XI,

258 892 504 928 Alexandriae
542 893 580 927 in
618 892 804 937 Serapidis
842 892 982 937 templo
1022 892 1108 927 solis
1147 892 1293 938 signum
1331 894 1460 929 eodem

257 940 414 975 artificio
440 939 719 984 sustinebatur.)

164 990 230 1022 316
257 986 352 1023 Plin.
379 999 413 1021 n.
439 987 474 1021 h.
501 987 675 1021 XXXIIII
704 990 768 1021 147
802 987 880 1021 sola
912 986 1001 1021 haec
1035 985 1191 1021 materia
1217 988 1280 1030 (sc.
1308 987 1460 1033 ferrum)

257 1034 357 1069 uirus
382 1035 429 1069 ab
455 1045 497 1069 eo
525 1034 649 1079 lapide
671 1040 733 1077 (sc.
756 1035 943 1078 magnete)
964 1032 1101 1078 accipit
1122 1034 1328 1078 retinetque
1347 1033 1460 1079 longo

257 1083 434 1126 tempore,
455 1080 557 1116 aliud
579 1081 860 1126 adprehendens
881 1080 1029 1123 ferrum,
1054 1082 1096 1115 ut
1115 1081 1308 1116 anulorum
1330 1083 1461 1117 catena.

258 1129 445 1173 spectetur
471 1128 655 1163 interdum
683 1129 751 1162 etc.

163 1179 229 1210 316
256 1175 395 1221 Vergil.
423 1175 465 1209 A.
494 1177 507 1209 I
535 1178 603 1210 505
630 1175 752 1210 media
777 1174 965 1210 testudine
991 1174 1136 1219 templi.

163 1226 230 1257 324
257 1223 395 1268 Vergil.
423 1222 467 1256 A.
496 1223 511 1256 I
538 1226 605 1257 419
635 1223 765 1257 collem
793 1222 857 1265 qui
881 1221 1060 1265 plurimus
1088 1221 1169 1256 urbi
1195 1221 1376 1257 imminet.

162 1273 227 1304 332
255 1269 396 1315 Vergil.
425 1269 468 1304 G.
495 1269 511 1303 I
539 1274 580 1304 71
615 1280 758 1304 cessare
790 1269 957 1304 nouales.
1009 1270 1052 1302 A.
1080 1269 1112 1302 V
1142 1272 1207 1303 128
1239 1280 1389 1314 campus
1422 1271 1460 1305 et

256 1317 391 1362 apricis
419 1316 528 1352 statio
556 1316 768 1362 gratissima
794 1316 942 1361 mergis.

160 1379 227 1411 337
256 1376 347 1410 Stat.
375 1375 411 1410 S.
438 1375 454 1409 Ι
486 1380 524 1420 3,
558 1380 601 1411 43
635 1387 683 1410 an
716 1386 808 1420 quae
842 1373 1031 1420 graminea
1064 1376 1237 1419 suscepta
1269 1374 1456 1419 crepidine

253 1423 397 1458 fumant
439 1423 574 1458 balnea
616 1425 651 1458 et
688 1422 892 1467 inpositum
930 1421 1020 1466 ripis
1058 1422 1269 1467 algentibus
1307 1422 1456 1467 ignem?

256 1481 401 1515 quaque
439 1470 659 1515 uaporiferis
694 1469 841 1504 iunctus
872 1468 1085 1504 fornacibus
1118 1468 1235 1503 amnis
1266 1468 1363 1504 ridet
1394 1480 1456 1504 an-

254 1518 423 1552 helantes
449 1517 572 1552 uicino
600 1517 748 1551 flumine
775 1517 982 1561 Nymphas

160 1568 226 1599 342
253 1565 382 1599 Horat.
409 1564 478 1608 Ep.
506 1564 521 1598 Ι
548 1568 580 1607 3,
610 1568 649 1598 11
679 1563 845 1598 fastidire
872 1563 987 1598 lacus.

158 1615 226 1646 343
254 1611 403 1646 Sueton.
424 1611 522 1646 Nero
543 1615 587 1646 27
613 1611 749 1646 refotos
776 1622 884 1655 saepe
905 1609 1035 1645 calidis
1054 1609 1207 1655 piscinis
1228 1620 1270 1644 ac
1290 1611 1456 1654 tempore

252 1658 394 1694 aestiuo
421 1658 569 1694 niuatis.

158 1721 226 1752 344
254 1717 347 1753 Stat.
376 1717 411 1752 S.
438 1717 454 1750 I
480 1722 513 1761 3,
542 1722 583 1752 73
611 1717 824 1760 uitreasque
850 1717 981 1751 natatu
1007 1715 1153 1760 plaudit
1178 1727 1305 1759 aquas.

159 1768 226 1800 345
255 1765 347 1800 Stat.
377 1765 411 1799 S.
439 1766 454 1799 Ι
481 1769 518 1808 5,
553 1769 596 1799 60
627 1775 694 1799 nec
723 1763 754 1798 si
780 1764 926 1798 Baianis
952 1763 1080 1798 ueniat
1104 1774 1220 1798 nouus
1247 1763 1382 1808 hospes
1407 1763 1455 1798 ab

253 1812 335 1855 oris,
361 1811 456 1847 talia
481 1811 674 1856 despiciat.

156 1875 224 1906 340
249 1871 390 1916 Vergil.
418 1873 462 1906 A.
490 1871 540 1906 VI
566 1875 633 1906 327
660 1881 773 1906 rauca
796 1869 946 1904 fluenta.

157 1923 225 1954 363
251 1919 345 1954 Plin.
367 1931 402 1953 n.
422 1919 459 1953 h.
481 1918 636 1953 XXXVI
658 1922 724 1953 159
751 1917 931 1952 mollitiae
957 1918 1059 1951 trans
1079 1916 1231 1960 Alpium
1251 1916 1452 1961 praecipua

251 1967 335 2001 sunt
373 1966 543 2011 exempla
580 1966 618 2000 in
649 1964 803 2009 Belgica
834 1963 1027 2009 prouincia
1059 1963 1257 1998 candidum
1289 1963 1451 2008 lapidem

250 2024 349 2048 serra
380 2025 453 2057 qua
486 2012 628 2058 lignum
653 2012 871 2055 faciliusque
903 2010 1015 2046 etiam
1042 2010 1245 2046 secantium
1272 2010 1319 2045 ad
1344 2014 1452 2055 tegu-

250 2060 370 2095 larum
397 2063 435 2095 et
459 2060 654 2095 imbricum
680 2060 813 2094 uicem.

156 2122 222 2154 368
249 2118 389 2164 Vergil.
416 2119 460 2153 A.
488 2119 574 2153 VIII
602 2123 667 2154 712
702 2119 828 2153 Nilum
860 2117 1158 2162 pandentemque
1185 2116 1282 2151 sinus
1309 2117 1346 2150 et
1369 2117 1451 2151 tota

249 2168 351 2201 ueste
379 2168 575 2201 uocantem
602 2167 811 2201 caeruleum
837 2165 874 2199 in
900 2163 1094 2208 gremium.

155 2217 222 2248 372
251 2213 412 2248 Ouid.M.
425 2216 515 2249 1580
527 2225 684 2258 moxque
699 2224 824 2248 amnes
839 2210 904 2245 alii
919 2210 983 2255 qui
998 2221 1072 2255 qua
1084 2210 1172 2245 tulit
1181 2210 1342 2255 impetus
1354 2210 1447 2246 illos.

157 2263 224 2294 378
250 2260 402 2295 Anthol.
430 2262 495 2296 lat.
525 2265 604 2304 233,
633 2265 649 2294 1
678 2261 774 2295 Ries.
801 2259 964 2302 Mantua,
992 2258 1037 2292 da
1063 2258 1222 2293 ueniam.

156 2310 223 2342 379
250 2307 343 2341 Plin.
371 2320 406 2342 n.
435 2310 468 2343 h.
496 2308 546 2343 XI
572 2312 638 2343 251
666 2308 877 2351 Nemeseos,
904 2316 997 2350 quae
1023 2305 1093 2340 dea
1117 2305 1290 2340 Latinum
1315 2315 1449 2340 nomen
