<?xml version="1.0" encoding="UTF-8"?>
<!DOCTYPE html PUBLIC "-//W3C//DTD XHTML 1.0 Transitional//EN"
    "http://www.w3.org/TR/xhtml1/DTD/xhtml1-transitional.dtd">
<html xmlns="http://www.w3.org/1999/xhtml" xml:lang="en" lang="en">
 <head>
  <title>
</title>
<meta http-equiv="Content-Type" content="text/html;charset=utf-8" />
  <meta name='ocr-system' content='tesseract 3.04.00' />
  <meta name='ocr-capabilities' content='ocr_page ocr_carea ocr_par ocr_line ocrx_word'/>
</head>
<body>
  <div class='ocr_page' id='page_1' title='image "./opuscula00ausouoft/opuscula00ausouoft_0148.png"; bbox 0 0 1563 2511; ppageno 0'>
   <div class='ocr_carea' id='block_1_1' title="bbox 647 46 938 87">
    <p class='ocr_par' dir='ltr' id='par_1_1' title="bbox 647 46 938 87">
     <span class='ocr_line' id='line_1_1' title="bbox 647 46 938 87; baseline 0.003 -13"><span class='ocrx_word' id='word_1_1' title='bbox 647 46 938 87; x_wconf 40' lang='lat'>*14—</span> 
     </span>
    </p>
   </div>
   <div class='ocr_carea' id='block_1_2' title="bbox 50 195 886 228">
    <p class='ocr_par' dir='ltr' id='par_1_2' title="bbox 50 195 886 228">
     <span class='ocr_line' id='line_1_2' title="bbox 50 195 886 228; baseline -0.001 -6"><span class='ocrx_word' id='word_1_2' title='bbox 50 195 128 222; x_wconf 84' lang='lat' dir='ltr'><em>VIII</em></span> <span class='ocrx_word' id='word_1_3' title='bbox 147 196 223 228; x_wconf 83' lang='grc'>[157]</span> <span class='ocrx_word' id='word_1_4' title='bbox 695 201 717 225; x_wconf 66' lang='lat'>³0:</span> <span class='ocrx_word' id='word_1_5' title='bbox 779 202 801 225; x_wconf 76' lang='grc'><em>*</em></span> <span class='ocrx_word' id='word_1_6' title='bbox 864 202 886 226; x_wconf 71' lang='lat'>20&lt;</span> 
     </span>
    </p>
   </div>
   <div class='ocr_carea' id='block_1_3' title="bbox 120 255 1475 488">
    <p class='ocr_par' dir='ltr' id='par_1_3' title="bbox 120 255 1475 430">
     <span class='ocr_line' id='line_1_3' title="bbox 125 255 1443 312; baseline 0.003 -15"><span class='ocrx_word' id='word_1_7' title='bbox 125 255 458 311; x_wconf 80' lang='lat' dir='ltr'>Quadrupedum</span> <span class='ocrx_word' id='word_1_8' title='bbox 492 259 534 298; x_wconf 90' lang='lat' dir='ltr'>et</span> <span class='ocrx_word' id='word_1_9' title='bbox 565 257 805 312; x_wconf 84' lang='lat' dir='ltr'>uolucrum,</span> <span class='ocrx_word' id='word_1_10' title='bbox 838 257 908 299; x_wconf 90' lang='lat' dir='ltr'>uel</span> <span class='ocrx_word' id='word_1_11' title='bbox 941 271 1036 298; x_wconf 91' lang='lat' dir='ltr'>cum</span> <span class='ocrx_word' id='word_1_12' title='bbox 1067 260 1240 300; x_wconf 88' lang='lat' dir='ltr'>terrena</span> <span class='ocrx_word' id='word_1_13' title='bbox 1268 259 1443 301; x_wconf 86' lang='lat' dir='ltr'>marinis</span> 
     </span>
     <span class='ocr_line' id='line_1_4' title="bbox 122 315 1475 371; baseline 0.002 -15"><span class='ocrx_word' id='word_1_14' title='bbox 122 315 322 357; x_wconf 87' lang='lat' dir='ltr'>Monstra</span> <span class='ocrx_word' id='word_1_15' title='bbox 355 315 660 358; x_wconf 77' lang='lat' dir='ltr'>admiscentur:</span> <span class='ocrx_word' id='word_1_16' title='bbox 694 316 829 358; x_wconf 89' lang='lat' dir='ltr'>donec</span> <span class='ocrx_word' id='word_1_17' title='bbox 859 317 1144 371; x_wconf 78' lang='lat' dir='ltr'>purgantibus</span> <span class='ocrx_word' id='word_1_18' title='bbox 1178 318 1290 359; x_wconf 88' lang='lat' dir='ltr'>euris</span> <span class='ocrx_word' id='word_1_19' title='bbox 1422 330 1475 356; x_wconf 82' lang='lat'>195</span> 
     </span>
     <span class='ocr_line' id='line_1_5' title="bbox 120 373 1218 430; baseline 0.003 -16"><span class='ocrx_word' id='word_1_20' title='bbox 120 373 325 415; x_wconf 86' lang='lat' dir='ltr'>Difflatae</span> <span class='ocrx_word' id='word_1_21' title='bbox 356 375 566 430; x_wconf 90' lang='lat' dir='ltr'>liquidum</span> <span class='ocrx_word' id='word_1_22' title='bbox 598 378 829 417; x_wconf 71' lang='lat' dir='ltr'>tenuentur</span> <span class='ocrx_word' id='word_1_23' title='bbox 861 375 906 416; x_wconf 89' lang='lat' dir='ltr'>in</span> <span class='ocrx_word' id='word_1_24' title='bbox 938 390 1037 416; x_wconf 88' lang='lat' dir='ltr'>aera</span> <span class='ocrx_word' id='word_1_25' title='bbox 1068 376 1218 418; x_wconf 87' lang='lat' dir='ltr'>nubes.</span> 
     </span>
    </p>

    <p class='ocr_par' dir='ltr' id='par_1_4' title="bbox 120 431 1329 488">
     <span class='ocr_line' id='line_1_6' title="bbox 120 431 1329 488; baseline 0.002 -14"><span class='ocrx_word' id='word_1_26' title='bbox 120 431 246 474; x_wconf 93' lang='lat' dir='ltr'>Nunc</span> <span class='ocrx_word' id='word_1_27' title='bbox 276 433 389 488; x_wconf 79' lang='lat' dir='ltr'>fora,</span> <span class='ocrx_word' id='word_1_28' title='bbox 420 448 532 476; x_wconf 88' lang='lat' dir='ltr'>nunc</span> <span class='ocrx_word' id='word_1_29' title='bbox 564 434 680 488; x_wconf 78' lang='lat' dir='ltr'>lites,</span> <span class='ocrx_word' id='word_1_30' title='bbox 711 434 789 475; x_wconf 86' lang='lat' dir='ltr'>lati</span> <span class='ocrx_word' id='word_1_31' title='bbox 820 433 948 475; x_wconf 90' lang='lat' dir='ltr'>modo</span> <span class='ocrx_word' id='word_1_32' title='bbox 980 448 1140 488; x_wconf 87' lang='lat' dir='ltr'>pompa</span> <span class='ocrx_word' id='word_1_33' title='bbox 1171 435 1329 477; x_wconf 84' lang='lat' dir='ltr'>theatri</span> 
     </span>
    </p>
   </div>
   <div class='ocr_carea' id='block_1_4' title="bbox 118 491 1471 666">
    <p class='ocr_par' dir='ltr' id='par_1_5' title="bbox 118 491 1471 666">
     <span class='ocr_line' id='line_1_7' title="bbox 120 491 1470 548; baseline 0.003 -15"><span class='ocrx_word' id='word_1_34' title='bbox 120 491 305 533; x_wconf 87' lang='lat' dir='ltr'>Visitur:</span> <span class='ocrx_word' id='word_1_35' title='bbox 338 495 382 533; x_wconf 90' lang='lat' dir='ltr'>et</span> <span class='ocrx_word' id='word_1_36' title='bbox 411 495 577 534; x_wconf 87' lang='lat' dir='ltr'>turmas</span> <span class='ocrx_word' id='word_1_37' title='bbox 611 493 803 548; x_wconf 89' lang='lat' dir='ltr'>equitum</span> <span class='ocrx_word' id='word_1_38' title='bbox 836 493 1069 548; x_wconf 81' lang='lat' dir='ltr'>caedesque</span> <span class='ocrx_word' id='word_1_39' title='bbox 1101 493 1321 535; x_wconf 85' lang='lat' dir='ltr'>latronum</span> <span class='ocrx_word' id='word_1_40' title='bbox 1449 505 1470 537; x_wconf 84' lang='lat'>5</span> 
     </span>
     <span class='ocr_line' id='line_1_8' title="bbox 118 549 1217 605; baseline 0.002 -13"><span class='ocrx_word' id='word_1_41' title='bbox 118 549 359 605; x_wconf 87' lang='lat' dir='ltr'>Perpetior:</span> <span class='ocrx_word' id='word_1_42' title='bbox 392 552 554 593; x_wconf 86' lang='lat' dir='ltr'>lacerat</span> <span class='ocrx_word' id='word_1_43' title='bbox 585 555 757 593; x_wconf 85' lang='lat' dir='ltr'>nostros</span> <span class='ocrx_word' id='word_1_44' title='bbox 789 551 881 593; x_wconf 83' lang='lat' dir='ltr'>fera</span> <span class='ocrx_word' id='word_1_45' title='bbox 913 552 1040 593; x_wconf 85' lang='lat' dir='ltr'>belua</span> <span class='ocrx_word' id='word_1_46' title='bbox 1073 552 1217 594; x_wconf 85' lang='lat' dir='ltr'>uultus</span> 
     </span>
     <span class='ocr_line' id='line_1_9' title="bbox 119 610 1471 666; baseline 0.001 -15"><span class='ocrx_word' id='word_1_47' title='bbox 119 610 211 651; x_wconf 91' lang='lat' dir='ltr'>Aut</span> <span class='ocrx_word' id='word_1_48' title='bbox 240 610 285 651; x_wconf 91' lang='lat' dir='ltr'>in</span> <span class='ocrx_word' id='word_1_49' title='bbox 317 611 552 665; x_wconf 89' lang='lat' dir='ltr'>sanguinea</span> <span class='ocrx_word' id='word_1_50' title='bbox 584 610 728 666; x_wconf 89' lang='lat' dir='ltr'>gladio</span> <span class='ocrx_word' id='word_1_51' title='bbox 762 624 1011 666; x_wconf 84' lang='lat' dir='ltr'>grassamur</span> <span class='ocrx_word' id='word_1_52' title='bbox 1041 610 1214 653; x_wconf 82' lang='lat' dir='ltr'>harena.</span> <span class='ocrx_word' id='word_1_53' title='bbox 1418 624 1471 649; x_wconf 78' lang='lat'>200</span> 
     </span>
    </p>
   </div>
   <div class='ocr_carea' id='block_1_5' title="bbox 118 668 1470 1727">
    <p class='ocr_par' dir='ltr' id='par_1_6' title="bbox 118 668 1470 1490">
     <span class='ocr_line' id='line_1_10' title="bbox 119 668 1402 725; baseline 0.002 -15"><span class='ocrx_word' id='word_1_54' title='bbox 119 668 202 709; x_wconf 90' lang='lat' dir='ltr'>Per</span> <span class='ocrx_word' id='word_1_55' title='bbox 234 683 350 710; x_wconf 89' lang='lat' dir='ltr'>mare</span> <span class='ocrx_word' id='word_1_56' title='bbox 381 669 659 725; x_wconf 87' lang='lat' dir='ltr'>nauifragum</span> <span class='ocrx_word' id='word_1_57' title='bbox 692 670 866 724; x_wconf 88' lang='lat' dir='ltr'>gradior</span> <span class='ocrx_word' id='word_1_58' title='bbox 897 670 1028 724; x_wconf 88' lang='lat' dir='ltr'>pedes</span> <span class='ocrx_word' id='word_1_59' title='bbox 1061 673 1104 711; x_wconf 92' lang='lat' dir='ltr'>et</span> <span class='ocrx_word' id='word_1_60' title='bbox 1135 670 1246 712; x_wconf 89' lang='lat' dir='ltr'>freta</span> <span class='ocrx_word' id='word_1_61' title='bbox 1277 685 1402 713; x_wconf 89' lang='lat' dir='ltr'>cursu</span> 
     </span>
     <span class='ocr_line' id='line_1_11' title="bbox 120 727 1246 783; baseline 0.003 -15"><span class='ocrx_word' id='word_1_62' title='bbox 120 727 336 769; x_wconf 86' lang='lat' dir='ltr'>Transilio</span> <span class='ocrx_word' id='word_1_63' title='bbox 369 731 412 769; x_wconf 88' lang='lat' dir='ltr'>et</span> <span class='ocrx_word' id='word_1_64' title='bbox 445 729 599 770; x_wconf 88' lang='lat' dir='ltr'>subitis</span> <span class='ocrx_word' id='word_1_65' title='bbox 633 729 770 770; x_wconf 85' lang='lat' dir='ltr'>uolito</span> <span class='ocrx_word' id='word_1_66' title='bbox 804 743 932 783; x_wconf 90' lang='lat' dir='ltr'>super</span> <span class='ocrx_word' id='word_1_67' title='bbox 963 743 1061 770; x_wconf 87' lang='lat' dir='ltr'>aera</span> <span class='ocrx_word' id='word_1_68' title='bbox 1092 730 1246 783; x_wconf 89' lang='lat' dir='ltr'>pinnis.</span> 
     </span>
     <span class='ocr_line' id='line_1_12' title="bbox 119 785 1470 842; baseline 0.002 -15"><span class='ocrx_word' id='word_1_69' title='bbox 119 785 323 828; x_wconf 90' lang='lat' dir='ltr'>Infandas</span> <span class='ocrx_word' id='word_1_70' title='bbox 357 787 488 828; x_wconf 88' lang='lat' dir='ltr'>etiam</span> <span class='ocrx_word' id='word_1_71' title='bbox 520 802 698 829; x_wconf 87' lang='lat' dir='ltr'>uenercs</span> <span class='ocrx_word' id='word_1_72' title='bbox 730 787 979 842; x_wconf 82' lang='lat' dir='ltr'>incestaque</span> <span class='ocrx_word' id='word_1_73' title='bbox 1011 789 1150 829; x_wconf 87' lang='lat' dir='ltr'>noctis</span> <span class='ocrx_word' id='word_1_74' title='bbox 1428 801 1470 831; x_wconf 93' lang='lat'>10</span> 
     </span>
     <span class='ocr_line' id='line_1_13' title="bbox 120 845 1357 901; baseline 0.003 -15"><span class='ocrx_word' id='word_1_75' title='bbox 120 845 340 887; x_wconf 89' lang='lat' dir='ltr'>Dedecora</span> <span class='ocrx_word' id='word_1_76' title='bbox 373 849 416 887; x_wconf 85' lang='lat' dir='ltr'>et</span> <span class='ocrx_word' id='word_1_77' title='bbox 446 846 636 901; x_wconf 89' lang='lat' dir='ltr'>tragicos</span> <span class='ocrx_word' id='word_1_78' title='bbox 669 847 861 901; x_wconf 87' lang='lat' dir='ltr'>patimur</span> <span class='ocrx_word' id='word_1_79' title='bbox 892 861 968 900; x_wconf 88' lang='lat' dir='ltr'>per</span> <span class='ocrx_word' id='word_1_80' title='bbox 1000 848 1167 888; x_wconf 88' lang='lat' dir='ltr'>somnia</span> <span class='ocrx_word' id='word_1_81' title='bbox 1199 850 1357 890; x_wconf 89' lang='lat' dir='ltr'>coetus.</span> 
     </span>
     <span class='ocr_line' id='line_1_14' title="bbox 119 904 1470 961; baseline 0.002 -16"><span class='ocrx_word' id='word_1_82' title='bbox 119 904 372 958; x_wconf 82' lang='lat' dir='ltr'>Perfugium</span> <span class='ocrx_word' id='word_1_83' title='bbox 404 907 552 946; x_wconf 89' lang='lat' dir='ltr'>tamen</span> <span class='ocrx_word' id='word_1_84' title='bbox 585 907 665 956; x_wconf 88' lang='lat' dir='ltr'>est,</span> <span class='ocrx_word' id='word_1_85' title='bbox 701 906 902 959; x_wconf 86' lang='lat' dir='ltr'>quotiens</span> <span class='ocrx_word' id='word_1_86' title='bbox 934 908 1136 959; x_wconf 89' lang='lat' dir='ltr'>portenta</span> <span class='ocrx_word' id='word_1_87' title='bbox 1169 921 1372 961; x_wconf 87' lang='lat' dir='ltr'>soporum</span> <span class='ocrx_word' id='word_1_88' title='bbox 1419 918 1470 944; x_wconf 83' lang='lat'>205</span> 
     </span>
     <span class='ocr_line' id='line_1_15' title="bbox 121 962 1222 1020; baseline 0.003 -17"><span class='ocrx_word' id='word_1_89' title='bbox 121 962 261 1004; x_wconf 73' lang='lat' dir='ltr'>soluit</span> <span class='ocrx_word' id='word_1_90' title='bbox 291 967 418 1018; x_wconf 87' lang='lat' dir='ltr'>rupta</span> <span class='ocrx_word' id='word_1_91' title='bbox 450 964 614 1018; x_wconf 88' lang='lat' dir='ltr'>pudore</span> <span class='ocrx_word' id='word_1_92' title='bbox 647 965 767 1018; x_wconf 87' lang='lat' dir='ltr'>quies</span> <span class='ocrx_word' id='word_1_93' title='bbox 801 966 844 1005; x_wconf 89' lang='lat' dir='ltr'>et</span> <span class='ocrx_word' id='word_1_94' title='bbox 874 965 1063 1020; x_wconf 87' lang='lat' dir='ltr'>imagine</span> <span class='ocrx_word' id='word_1_95' title='bbox 1095 964 1222 1006; x_wconf 86' lang='lat' dir='ltr'>foeda</span> 
     </span>
     <span class='ocr_line' id='line_1_16' title="bbox 119 1021 1341 1078; baseline 0.002 -15"><span class='ocrx_word' id='word_1_96' title='bbox 119 1021 274 1063; x_wconf 89' lang='lat' dir='ltr'>Libera</span> <span class='ocrx_word' id='word_1_97' title='bbox 307 1037 425 1064; x_wconf 88' lang='lat' dir='ltr'>mens</span> <span class='ocrx_word' id='word_1_98' title='bbox 457 1023 632 1078; x_wconf 88' lang='lat' dir='ltr'>uigilat:</span> <span class='ocrx_word' id='word_1_99' title='bbox 665 1025 808 1065; x_wconf 87' lang='lat' dir='ltr'>totum</span> <span class='ocrx_word' id='word_1_100' title='bbox 840 1024 949 1064; x_wconf 89' lang='lat' dir='ltr'>bene</span> <span class='ocrx_word' id='word_1_101' title='bbox 983 1024 1152 1066; x_wconf 90' lang='lat' dir='ltr'>conscia</span> <span class='ocrx_word' id='word_1_102' title='bbox 1183 1024 1341 1066; x_wconf 89' lang='lat' dir='ltr'>lectum</span> 
     </span>
     <span class='ocr_line' id='line_1_17' title="bbox 119 1080 1469 1136; baseline 0.001 -14"><span class='ocrx_word' id='word_1_103' title='bbox 119 1080 363 1123; x_wconf 89' lang='lat' dir='ltr'>Pertractat</span> <span class='ocrx_word' id='word_1_104' title='bbox 396 1096 545 1124; x_wconf 90' lang='lat' dir='ltr'>secura</span> <span class='ocrx_word' id='word_1_105' title='bbox 576 1097 747 1123; x_wconf 88' lang='lat' dir='ltr'>manus:</span> <span class='ocrx_word' id='word_1_106' title='bbox 787 1082 996 1136; x_wconf 87' lang='lat' dir='ltr'>probrosa</span> <span class='ocrx_word' id='word_1_107' title='bbox 1026 1082 1188 1124; x_wconf 83' lang='lat' dir='ltr'>recedit</span> <span class='ocrx_word' id='word_1_108' title='bbox 1428 1094 1469 1125; x_wconf 89' lang='lat'>15</span> 
     </span>
     <span class='ocr_line' id='line_1_18' title="bbox 121 1138 1340 1196; baseline 0.002 -15"><span class='ocrx_word' id='word_1_109' title='bbox 121 1138 259 1195; x_wconf 85' lang='lat' dir='ltr'>Culpa</span> <span class='ocrx_word' id='word_1_110' title='bbox 290 1140 375 1182; x_wconf 91' lang='lat' dir='ltr'>tori</span> <span class='ocrx_word' id='word_1_111' title='bbox 408 1144 450 1182; x_wconf 90' lang='lat' dir='ltr'>et</span> <span class='ocrx_word' id='word_1_112' title='bbox 481 1141 654 1196; x_wconf 83' lang='lat' dir='ltr'>profugi</span> <span class='ocrx_word' id='word_1_113' title='bbox 686 1144 943 1182; x_wconf 83' lang='lat' dir='ltr'>manascunt</span> <span class='ocrx_word' id='word_1_114' title='bbox 975 1141 1156 1183; x_wconf 89' lang='lat' dir='ltr'>crimina</span> <span class='ocrx_word' id='word_1_115' title='bbox 1188 1143 1340 1184; x_wconf 87' lang='lat' dir='ltr'>somni.</span> 
     </span>
     <span class='ocr_line' id='line_1_19' title="bbox 120 1197 1468 1254; baseline 0.001 -14"><span class='ocrx_word' id='word_1_116' title='bbox 120 1197 257 1240; x_wconf 87' lang='lat' dir='ltr'>Cerno</span> <span class='ocrx_word' id='word_1_117' title='bbox 290 1199 605 1254; x_wconf 84' lang='lat' dir='ltr'>triumphantes</span> <span class='ocrx_word' id='word_1_118' title='bbox 638 1200 749 1241; x_wconf 90' lang='lat' dir='ltr'>inter</span> <span class='ocrx_word' id='word_1_119' title='bbox 781 1215 847 1241; x_wconf 92' lang='lat' dir='ltr'>me</span> <span class='ocrx_word' id='word_1_120' title='bbox 878 1200 1095 1254; x_wconf 88' lang='lat' dir='ltr'>plaudere:</span> <span class='ocrx_word' id='word_1_121' title='bbox 1130 1215 1300 1242; x_wconf 88' lang='lat' dir='ltr'>rursum</span> <span class='ocrx_word' id='word_1_122' title='bbox 1416 1213 1468 1238; x_wconf 83' lang='lat'>210</span> 
     </span>
     <span class='ocr_line' id='line_1_20' title="bbox 118 1256 1129 1312; baseline 0.002 -13"><span class='ocrx_word' id='word_1_123' title='bbox 118 1256 238 1299; x_wconf 87' lang='lat' dir='ltr'>Inter</span> <span class='ocrx_word' id='word_1_124' title='bbox 271 1259 466 1312; x_wconf 84' lang='lat' dir='ltr'>captiuos</span> <span class='ocrx_word' id='word_1_125' title='bbox 498 1259 646 1300; x_wconf 87' lang='lat' dir='ltr'>trahor</span> <span class='ocrx_word' id='word_1_126' title='bbox 679 1262 922 1301; x_wconf 85' lang='lat' dir='ltr'>exarmatus</span> <span class='ocrx_word' id='word_1_127' title='bbox 955 1259 1129 1301; x_wconf 86' lang='lat' dir='ltr'>Alanos.</span> 
     </span>
     <span class='ocr_line' id='line_1_21' title="bbox 121 1316 1336 1373; baseline 0.002 -16"><span class='ocrx_word' id='word_1_128' title='bbox 121 1316 302 1371; x_wconf 88' lang='lat' dir='ltr'>Templa</span> <span class='ocrx_word' id='word_1_129' title='bbox 333 1317 459 1359; x_wconf 90' lang='lat' dir='ltr'>deum</span> <span class='ocrx_word' id='word_1_130' title='bbox 493 1320 749 1372; x_wconf 87' lang='lat' dir='ltr'>sanctasque</span> <span class='ocrx_word' id='word_1_131' title='bbox 781 1318 895 1359; x_wconf 86' lang='lat' dir='ltr'>fores</span> <span class='ocrx_word' id='word_1_132' title='bbox 926 1318 1174 1373; x_wconf 88' lang='lat' dir='ltr'>palatiaque</span> <span class='ocrx_word' id='word_1_133' title='bbox 1207 1332 1336 1360; x_wconf 87' lang='lat' dir='ltr'>aurea</span> 
     </span>
     <span class='ocr_line' id='line_1_22' title="bbox 121 1373 1468 1429; baseline 0.001 -12"><span class='ocrx_word' id='word_1_134' title='bbox 121 1373 276 1429; x_wconf 82' lang='lat' dir='ltr'>Specto</span> <span class='ocrx_word' id='word_1_135' title='bbox 311 1379 353 1417; x_wconf 90' lang='lat' dir='ltr'>et</span> <span class='ocrx_word' id='word_1_136' title='bbox 385 1375 569 1418; x_wconf 83' lang='lat' dir='ltr'>Sarrano</span> <span class='ocrx_word' id='word_1_137' title='bbox 603 1377 749 1418; x_wconf 87' lang='lat' dir='ltr'>uideor</span> <span class='ocrx_word' id='word_1_138' title='bbox 781 1377 1045 1419; x_wconf 89' lang='lat' dir='ltr'>discumbere</span> <span class='ocrx_word' id='word_1_139' title='bbox 1076 1377 1120 1418; x_wconf 88' lang='lat' dir='ltr'>in</span> <span class='ocrx_word' id='word_1_140' title='bbox 1154 1379 1271 1419; x_wconf 91' lang='lat' dir='ltr'>ostro</span> <span class='ocrx_word' id='word_1_141' title='bbox 1423 1387 1468 1419; x_wconf 74' lang='lat'>20</span> 
     </span>
     <span class='ocr_line' id='line_1_23' title="bbox 120 1433 1190 1490; baseline 0.003 -15"><span class='ocrx_word' id='word_1_142' title='bbox 120 1433 179 1475; x_wconf 86' lang='lat' dir='ltr'>Et</span> <span class='ocrx_word' id='word_1_143' title='bbox 211 1449 310 1476; x_wconf 79' lang='lat' dir='ltr'>mox</span> <span class='ocrx_word' id='word_1_144' title='bbox 341 1434 522 1477; x_wconf 86' lang='lat' dir='ltr'>fumosis</span> <span class='ocrx_word' id='word_1_145' title='bbox 554 1436 737 1478; x_wconf 89' lang='lat' dir='ltr'>conuiua</span> <span class='ocrx_word' id='word_1_146' title='bbox 769 1434 976 1477; x_wconf 88' lang='lat' dir='ltr'>adcumbo</span> <span class='ocrx_word' id='word_1_147' title='bbox 1009 1436 1190 1490; x_wconf 86' lang='lat' dir='ltr'>popinis.</span> 
     </span>
    </p>

    <p class='ocr_par' dir='ltr' id='par_1_7' title="bbox 119 1492 1468 1727">
     <span class='ocr_line' id='line_1_24' title="bbox 180 1492 1468 1549; baseline 0.002 -15"><span class='ocrx_word' id='word_1_148' title='bbox 180 1492 387 1535; x_wconf 87' lang='lat' dir='ltr'>Diuinum</span> <span class='ocrx_word' id='word_1_149' title='bbox 419 1495 648 1549; x_wconf 90' lang='lat' dir='ltr'>perhibent</span> <span class='ocrx_word' id='word_1_150' title='bbox 679 1497 822 1536; x_wconf 88' lang='lat' dir='ltr'>uatem</span> <span class='ocrx_word' id='word_1_151' title='bbox 855 1495 934 1536; x_wconf 88' lang='lat' dir='ltr'>sub</span> <span class='ocrx_word' id='word_1_152' title='bbox 967 1494 1189 1536; x_wconf 89' lang='lat' dir='ltr'>frondibus</span> <span class='ocrx_word' id='word_1_153' title='bbox 1221 1495 1327 1536; x_wconf 91' lang='lat' dir='ltr'>ulmi</span> <span class='ocrx_word' id='word_1_154' title='bbox 1417 1506 1468 1531; x_wconf 82' lang='lat'>21⁵</span> 
     </span>
     <span class='ocr_line' id='line_1_25' title="bbox 121 1552 1227 1608; baseline 0.002 -15"><span class='ocrx_word' id='word_1_155' title='bbox 121 1552 247 1593; x_wconf 88' lang='lat' dir='ltr'>Vana</span> <span class='ocrx_word' id='word_1_156' title='bbox 278 1552 535 1608; x_wconf 89' lang='lat' dir='ltr'>ignauorum</span> <span class='ocrx_word' id='word_1_157' title='bbox 568 1554 796 1595; x_wconf 87' lang='lat' dir='ltr'>simulacra</span> <span class='ocrx_word' id='word_1_158' title='bbox 826 1554 991 1596; x_wconf 86' lang='lat' dir='ltr'>locasse</span> <span class='ocrx_word' id='word_1_159' title='bbox 1025 1568 1227 1608; x_wconf 89' lang='lat' dir='ltr'>soporum</span> 
     </span>
     <span class='ocr_line' id='line_1_26' title="bbox 119 1610 1348 1667; baseline 0.001 -15"><span class='ocrx_word' id='word_1_160' title='bbox 119 1610 179 1652; x_wconf 75' lang='lat' dir='ltr'>Et</span> <span class='ocrx_word' id='word_1_161' title='bbox 211 1613 406 1666; x_wconf 86' lang='lat' dir='ltr'>geminas</span> <span class='ocrx_word' id='word_1_162' title='bbox 439 1627 618 1654; x_wconf 87' lang='lat' dir='ltr'>numero</span> <span class='ocrx_word' id='word_1_163' title='bbox 652 1616 819 1667; x_wconf 87' lang='lat' dir='ltr'>portas:</span> <span class='ocrx_word' id='word_1_164' title='bbox 853 1627 961 1667; x_wconf 87' lang='lat' dir='ltr'>quae</span> <span class='ocrx_word' id='word_1_165' title='bbox 994 1613 1154 1654; x_wconf 87' lang='lat' dir='ltr'>fornice</span> <span class='ocrx_word' id='word_1_166' title='bbox 1189 1613 1348 1653; x_wconf 89' lang='lat' dir='ltr'>eburno</span> 
     </span>
     <span class='ocr_line' id='line_1_27' title="bbox 122 1668 1467 1727; baseline 0.001 -16"><span class='ocrx_word' id='word_1_167' title='bbox 122 1668 300 1724; x_wconf 84' lang='lat' dir='ltr'>Semper</span> <span class='ocrx_word' id='word_1_168' title='bbox 331 1671 508 1714; x_wconf 86' lang='lat' dir='ltr'>fallaces</span> <span class='ocrx_word' id='word_1_169' title='bbox 540 1673 753 1727; x_wconf 88' lang='lat' dir='ltr'>glomerat</span> <span class='ocrx_word' id='word_1_170' title='bbox 785 1686 913 1726; x_wconf 88' lang='lat' dir='ltr'>super</span> <span class='ocrx_word' id='word_1_171' title='bbox 943 1686 1043 1713; x_wconf 85' lang='lat' dir='ltr'>aera</span> <span class='ocrx_word' id='word_1_172' title='bbox 1073 1671 1253 1714; x_wconf 84' lang='lat' dir='ltr'>formas:</span> <span class='ocrx_word' id='word_1_173' title='bbox 1422 1681 1467 1713; x_wconf 80' lang='lat'>25</span> 
     </span>
    </p>
   </div>
   <div class='ocr_carea' id='block_1_6' title="bbox 291 1752 402 1755">
    <p class='ocr_par' dir='ltr' id='par_1_8' title="bbox 291 1752 402 1755">
     <span class='ocr_line' id='line_1_28' title="bbox 291 1752 402 1755; baseline 0 0"><span class='ocrx_word' id='word_1_174' title='bbox 291 1752 402 1755; x_wconf 95' lang='lat' dir='ltr'> </span> 
     </span>
    </p>
   </div>
   <div class='ocr_carea' id='block_1_7' title="bbox 59 1784 1468 1888">
    <p class='ocr_par' dir='ltr' id='par_1_9' title="bbox 59 1784 1468 1888">
     <span class='ocr_line' id='line_1_29' title="bbox 59 1784 1468 1832; baseline 0.001 -12"><span class='ocrx_word' id='word_1_175' title='bbox 59 1787 97 1820; x_wconf 83' lang='lat' dir='ltr'><em>V</em></span> <span class='ocrx_word' id='word_1_176' title='bbox 214 1786 300 1820; x_wconf 72' lang='lat' dir='ltr'>VHI</span> <span class='ocrx_word' id='word_1_177' title='bbox 337 1787 439 1830; x_wconf 81' lang='lat' dir='ltr'>„Hic</span> <span class='ocrx_word' id='word_1_178' title='bbox 469 1788 592 1822; x_wconf 71' lang='lat' dir='ltr'>minus</span> <span class='ocrx_word' id='word_1_179' title='bbox 623 1788 702 1822; x_wconf 72' lang='lat' dir='ltr'>abet</span> <span class='ocrx_word' id='word_1_180' title='bbox 732 1788 840 1831; x_wconf 67' lang='lat' dir='ltr'>finem</span> <span class='ocrx_word' id='word_1_181' title='bbox 871 1798 977 1822; x_wconf 83' lang='lat' dir='ltr'>cause</span> <span class='ocrx_word' id='word_1_182' title='bbox 1007 1788 1237 1832; x_wconf 75' lang='lat' dir='ltr'>super(ior)is</span> <span class='ocrx_word' id='word_1_183' title='bbox 1261 1784 1299 1822; x_wconf 76' lang='grc' dir='ltr'>εί</span> <span class='ocrx_word' id='word_1_184' title='bbox 1318 1787 1468 1822; x_wconf 74' lang='lat' dir='ltr'>initium</span> 
     </span>
     <span class='ocr_line' id='line_1_30' title="bbox 119 1834 1468 1888; baseline 0.001 -20"><span class='ocrx_word' id='word_1_185' title='bbox 119 1835 297 1878; x_wconf 73' lang='lat' dir='ltr'>sequentis</span> <span class='ocrx_word' id='word_1_186' title='bbox 322 1835 543 1879; x_wconf 74' lang='lat' dir='ltr'>ephemerz&#39;s“</span> <span class='ocrx_word' id='word_1_187' title='bbox 575 1836 616 1870; x_wconf 77' lang='lat' dir='ltr'>in</span> <span class='ocrx_word' id='word_1_188' title='bbox 641 1846 754 1880; x_wconf 66' lang='lat' dir='ltr'>mam.</span> <span class='ocrx_word' id='word_1_189' title='bbox 787 1835 827 1877; x_wconf 84' lang='lat' dir='ltr'><em>V,</em></span> <span class='ocrx_word' id='word_1_190' title='bbox 861 1835 992 1878; x_wconf 73' lang='lat' dir='ltr'>folium</span> <span class='ocrx_word' id='word_1_191' title='bbox 1023 1835 1248 1870; x_wconf 73' lang='lat' dir='ltr'>intercidisse</span> <span class='ocrx_word' id='word_1_192' title='bbox 1278 1835 1320 1869; x_wconf 76' lang='lat' dir='ltr'>in</span> <span class='ocrx_word' id='word_1_193' title='bbox 1351 1834 1468 1888; x_wconf 70' lang='lat' dir='ltr'>codice</span> 
     </span>
    </p>
   </div>
   <div class='ocr_carea' id='block_1_8' title="bbox 119 1892 1470 2328">
    <p class='ocr_par' dir='ltr' id='par_1_10' title="bbox 119 1892 1470 2328">
     <span class='ocr_line' id='line_1_31' title="bbox 120 1892 1468 1938; baseline 0.001 -12"><span class='ocrx_word' id='word_1_194' title='bbox 120 1893 311 1937; x_wconf 73' lang='lat' dir='ltr'>archetypo</span> <span class='ocrx_word' id='word_1_195' title='bbox 337 1894 433 1928; x_wconf 73' lang='lat' dir='ltr'>uidit</span> <span class='ocrx_word' id='word_1_196' title='bbox 452 1893 613 1928; x_wconf 68' lang='lat' dir='ltr'>Schenkl.</span> <span class='ocrx_word' id='word_1_197' title='bbox 689 1897 711 1927; x_wconf 84' lang='lat'>4</span> <span class='ocrx_word' id='word_1_198' title='bbox 737 1894 811 1928; x_wconf 75' lang='lat' dir='ltr'>latY</span> <span class='ocrx_word' id='word_1_199' title='bbox 837 1893 946 1928; x_wconf 91' lang='lat' dir='ltr'>modo</span> <span class='ocrx_word' id='word_1_200' title='bbox 974 1894 1008 1927; x_wconf 93' lang='lat' dir='ltr'><em>V</em></span> <span class='ocrx_word' id='word_1_201' title='bbox 1027 1895 1031 1938; x_wconf 68' lang='grc' dir='ltr'>Ι</span> <span class='ocrx_word' id='word_1_202' title='bbox 1052 1893 1164 1928; x_wconf 86' lang='lat' dir='ltr'>teatri</span> <span class='ocrx_word' id='word_1_203' title='bbox 1192 1892 1226 1927; x_wconf 95' lang='lat' dir='ltr'><em>V</em></span> <span class='ocrx_word' id='word_1_204' title='bbox 1296 1896 1314 1927; x_wconf 82' lang='grc'><strong>7</strong></span> <span class='ocrx_word' id='word_1_205' title='bbox 1343 1893 1468 1937; x_wconf 72' lang='lat' dir='ltr'>sagui-</span> 
     </span>
     <span class='ocr_line' id='line_1_32' title="bbox 119 1939 1467 1985; baseline 0.001 -11"><span class='ocrx_word' id='word_1_206' title='bbox 119 1950 190 1974; x_wconf 85' lang='lat' dir='ltr'>nea</span> <span class='ocrx_word' id='word_1_207' title='bbox 221 1939 256 1974; x_wconf 91' lang='lat' dir='ltr'><em>V</em></span> <span class='ocrx_word' id='word_1_208' title='bbox 279 1942 283 1983; x_wconf 86' lang='grc' dir='ltr'>Ι</span> <span class='ocrx_word' id='word_1_209' title='bbox 311 1951 517 1975; x_wconf 83' lang='lat' dir='ltr'>crassamur</span> <span class='ocrx_word' id='word_1_210' title='bbox 550 1940 583 1974; x_wconf 93' lang='lat' dir='ltr'><em>V</em></span> <span class='ocrx_word' id='word_1_211' title='bbox 607 1943 611 1985; x_wconf 86' lang='grc' dir='ltr'>Ι</span> <span class='ocrx_word' id='word_1_212' title='bbox 647 1952 761 1976; x_wconf 79' lang='lat' dir='ltr'>arena</span> <span class='ocrx_word' id='word_1_213' title='bbox 793 1941 827 1974; x_wconf 91' lang='lat' dir='ltr'><em>V</em></span> <span class='ocrx_word' id='word_1_214' title='bbox 920 1944 940 1975; x_wconf 80' lang='lat'>8</span> <span class='ocrx_word' id='word_1_215' title='bbox 967 1952 1084 1976; x_wconf 85' lang='lat' dir='ltr'>mare:</span> <span class='ocrx_word' id='word_1_216' title='bbox 1117 1951 1134 1973; x_wconf 87' lang='lat' dir='ltr'>r</span> <span class='ocrx_word' id='word_1_217' title='bbox 1159 1941 1201 1974; x_wconf 75' lang='lat' dir='ltr'>in</span> <span class='ocrx_word' id='word_1_218' title='bbox 1225 1950 1296 1975; x_wconf 79' lang='lat' dir='ltr'>ras.</span> <span class='ocrx_word' id='word_1_219' title='bbox 1324 1940 1467 1975; x_wconf 76' lang='lat' dir='ltr'>altioris</span> 
     </span>
     <span class='ocr_line' id='line_1_33' title="bbox 120 1986 1465 2033; baseline 0.001 -12"><span class='ocrx_word' id='word_1_220' title='bbox 120 1986 259 2022; x_wconf 80' lang='lat' dir='ltr'>litterae</span> <span class='ocrx_word' id='word_1_221' title='bbox 292 1987 325 2021; x_wconf 94' lang='lat' dir='ltr'><em>V</em></span> <span class='ocrx_word' id='word_1_222' title='bbox 407 1992 427 2022; x_wconf 87' lang='lat'>9</span> <span class='ocrx_word' id='word_1_223' title='bbox 455 1986 585 2022; x_wconf 71' lang='lat' dir='ltr'>subitis</span> <span class='ocrx_word' id='word_1_224' title='bbox 621 1988 652 2022; x_wconf 92' lang='lat' dir='ltr'><em>V</em></span> <span class='ocrx_word' id='word_1_225' title='bbox 737 1992 777 2023; x_wconf 92' lang='lat'>11</span> <span class='ocrx_word' id='word_1_226' title='bbox 805 1988 963 2033; x_wconf 72' lang='lat' dir='ltr'>trasycos</span> <span class='ocrx_word' id='word_1_227' title='bbox 990 1989 1049 2032; x_wconf 71' lang='lat' dir='ltr'>(ex</span> <span class='ocrx_word' id='word_1_228' title='bbox 1073 1987 1251 2032; x_wconf 83' lang='lat' dir='ltr'>tragicos)</span> <span class='ocrx_word' id='word_1_229' title='bbox 1286 1986 1334 2020; x_wconf 74' lang='lat' dir='ltr'>V2</span> <span class='ocrx_word' id='word_1_230' title='bbox 1424 1991 1465 2022; x_wconf 83' lang='lat'>12</span> 
     </span>
     <span class='ocr_line' id='line_1_34' title="bbox 119 2033 1466 2080; baseline 0.001 -12"><span class='ocrx_word' id='word_1_231' title='bbox 119 2033 261 2069; x_wconf 84' lang='lat' dir='ltr'>cotiens</span> <span class='ocrx_word' id='word_1_232' title='bbox 294 2034 329 2068; x_wconf 92' lang='lat' dir='ltr'><em>V</em></span> <span class='ocrx_word' id='word_1_233' title='bbox 423 2039 466 2070; x_wconf 87' lang='lat'>14</span> <span class='ocrx_word' id='word_1_234' title='bbox 490 2034 609 2070; x_wconf 86' lang='lat' dir='ltr'>liuera</span> <span class='ocrx_word' id='word_1_235' title='bbox 642 2035 674 2069; x_wconf 93' lang='lat' dir='ltr'><em>V</em></span> <span class='ocrx_word' id='word_1_236' title='bbox 694 2038 698 2079; x_wconf 84' lang='lat'><em>1</em></span> <span class='ocrx_word' id='word_1_237' title='bbox 722 2034 864 2071; x_wconf 75' lang='lat' dir='ltr'>conscia</span> <span class='ocrx_word' id='word_1_238' title='bbox 896 2034 943 2069; x_wconf 67' lang='lat' dir='ltr'><em>V‘2</em></span> <span class='ocrx_word' id='word_1_239' title='bbox 1030 2039 1072 2070; x_wconf 90' lang='grc'>16</span> <span class='ocrx_word' id='word_1_240' title='bbox 1098 2034 1263 2080; x_wconf 87' lang='lat' dir='ltr'>profugi:</span> <span class='ocrx_word' id='word_1_241' title='bbox 1290 2034 1303 2068; x_wconf 90' lang='lat' dir='ltr'>i</span> <span class='ocrx_word' id='word_1_242' title='bbox 1328 2035 1369 2069; x_wconf 80' lang='lat' dir='ltr'>in</span> <span class='ocrx_word' id='word_1_243' title='bbox 1393 2045 1466 2070; x_wconf 84' lang='lat' dir='ltr'>ras.</span> 
     </span>
     <span class='ocr_line' id='line_1_35' title="bbox 121 2093 1470 2138; baseline 0.001 -11"><span class='ocrx_word' id='word_1_244' title='bbox 121 2093 168 2127; x_wconf 80' lang='lat' dir='ltr'>al.</span> <span class='ocrx_word' id='word_1_245' title='bbox 203 2093 237 2126; x_wconf 94' lang='lat' dir='ltr'><em>V</em></span> <span class='ocrx_word' id='word_1_246' title='bbox 267 2095 271 2136; x_wconf 93' lang='grc' dir='ltr'>Ι</span> <span class='ocrx_word' id='word_1_247' title='bbox 312 2094 533 2128; x_wconf 83' lang='lat' dir='ltr'>manascunt</span> <span class='ocrx_word' id='word_1_248' title='bbox 557 2094 705 2137; x_wconf 76' lang='lat' dir='ltr'>scripsi,</span> <span class='ocrx_word' id='word_1_249' title='bbox 741 2095 940 2138; x_wconf 54' lang='lat' dir='ltr'>manvsqua</span> <span class='ocrx_word' id='word_1_250' title='bbox 966 2095 1041 2138; x_wconf 84' lang='lat' dir='ltr'>(ma</span> <span class='ocrx_word' id='word_1_251' title='bbox 1065 2094 1107 2128; x_wconf 72' lang='lat' dir='ltr'>in</span> <span class='ocrx_word' id='word_1_252' title='bbox 1131 2104 1193 2127; x_wconf 88' lang='lat' dir='ltr'>mu</span> <span class='ocrx_word' id='word_1_253' title='bbox 1219 2093 1267 2127; x_wconf 84' lang='lat' dir='ltr'>al.</span> <span class='ocrx_word' id='word_1_254' title='bbox 1294 2094 1401 2138; x_wconf 86' lang='lat' dir='ltr'>corr.)</span> <span class='ocrx_word' id='word_1_255' title='bbox 1436 2093 1470 2128; x_wconf 98' lang='lat' dir='ltr'>V</span> 
     </span>
     <span class='ocr_line' id='line_1_36' title="bbox 120 2139 1465 2185; baseline 0 -11"><span class='ocrx_word' id='word_1_256' title='bbox 120 2139 348 2175; x_wconf 73' lang='lat' dir='ltr'>minuiscunt</span> <span class='ocrx_word' id='word_1_257' title='bbox 373 2141 536 2185; x_wconf 69' lang='lat' dir='ltr'>Scaligyer</span> <span class='ocrx_word' id='word_1_258' title='bbox 563 2143 595 2182; x_wconf 87' lang='lat'>1,</span> <span class='ocrx_word' id='word_1_259' title='bbox 616 2144 638 2175; x_wconf 82' lang='lat'><em>7</em></span> <span class='ocrx_word' id='word_1_260' title='bbox 672 2142 876 2176; x_wconf 84' lang='lat' dir='ltr'>uanescunt</span> <span class='ocrx_word' id='word_1_261' title='bbox 903 2141 1059 2183; x_wconf 75' lang='lat' dir='ltr'>GGoct:‚</span> <span class='ocrx_word' id='word_1_262' title='bbox 1091 2152 1139 2175; x_wconf 81' lang='grc' dir='ltr'>αη</span> <span class='ocrx_word' id='word_1_263' title='bbox 1172 2142 1435 2175; x_wconf 80' lang='lat' dir='ltr'>mansuescunt</span> <span class='ocrx_word' id='word_1_264' title='bbox 1449 2145 1465 2174; x_wconf 70' lang='lat'>⁸?</span> 
     </span>
     <span class='ocr_line' id='line_1_37' title="bbox 171 2187 1466 2233; baseline 0 -11"><span class='ocrx_word' id='word_1_265' title='bbox 171 2191 212 2222; x_wconf 83' lang='grc'>17</span> <span class='ocrx_word' id='word_1_266' title='bbox 240 2188 389 2233; x_wconf 67' lang='lat' dir='ltr'>cernOJff</span> <span class='ocrx_word' id='word_1_267' title='bbox 420 2188 452 2222; x_wconf 91' lang='lat' dir='ltr'><em>V</em></span> <span class='ocrx_word' id='word_1_268' title='bbox 472 2190 476 2232; x_wconf 88' lang='grc' dir='ltr'>Ι</span> <span class='ocrx_word' id='word_1_269' title='bbox 499 2187 735 2223; x_wconf 83' lang='lat' dir='ltr'>triumfantes</span> <span class='ocrx_word' id='word_1_270' title='bbox 770 2189 802 2222; x_wconf 98' lang='lat' dir='ltr'>V</span> <span class='ocrx_word' id='word_1_271' title='bbox 898 2192 940 2222; x_wconf 80' lang='lat'>18</span> <span class='ocrx_word' id='word_1_272' title='bbox 967 2188 1135 2232; x_wconf 85' lang='lat' dir='ltr'>captibos</span> <span class='ocrx_word' id='word_1_273' title='bbox 1163 2188 1264 2222; x_wconf 81' lang='lat' dir='ltr'>traor</span> <span class='ocrx_word' id='word_1_274' title='bbox 1295 2187 1330 2222; x_wconf 91' lang='lat' dir='ltr'><em>V</em></span> <span class='ocrx_word' id='word_1_275' title='bbox 1420 2191 1466 2222; x_wconf 94' lang='grc'>20</span> 
     </span>
     <span class='ocr_line' id='line_1_38' title="bbox 119 2233 1376 2279; baseline 0 -10"><span class='ocrx_word' id='word_1_276' title='bbox 119 2234 246 2270; x_wconf 75' lang='lat' dir='ltr'>uideor</span> <span class='ocrx_word' id='word_1_277' title='bbox 278 2233 326 2269; x_wconf 84' lang='lat' dir='ltr'><em>V²</em></span> <span class='ocrx_word' id='word_1_278' title='bbox 355 2237 359 2279; x_wconf 71' lang='grc' dir='ltr'>ι</span> <span class='ocrx_word' id='word_1_279' title='bbox 388 2234 617 2270; x_wconf 84' lang='lat' dir='ltr'>discumuere</span> <span class='ocrx_word' id='word_1_280' title='bbox 649 2235 684 2269; x_wconf 93' lang='lat' dir='ltr'><em>V</em></span> <span class='ocrx_word' id='word_1_281' title='bbox 775 2239 818 2270; x_wconf 84' lang='lat'>21</span> <span class='ocrx_word' id='word_1_282' title='bbox 847 2235 1005 2270; x_wconf 89' lang='lat' dir='ltr'>conuiba</span> <span class='ocrx_word' id='word_1_283' title='bbox 1038 2235 1071 2269; x_wconf 91' lang='lat' dir='ltr'><em>V</em></span> <span class='ocrx_word' id='word_1_284' title='bbox 1097 2237 1101 2279; x_wconf 80' lang='grc' dir='ltr'>Ι</span> <span class='ocrx_word' id='word_1_285' title='bbox 1130 2233 1307 2269; x_wconf 84' lang='lat' dir='ltr'>accumbo</span> <span class='ocrx_word' id='word_1_286' title='bbox 1342 2234 1376 2269; x_wconf 95' lang='lat' dir='ltr'><em>V</em></span> 
     </span>
     <span class='ocr_line' id='line_1_39' title="bbox 121 2281 1468 2328; baseline -0.001 -11"><span class='ocrx_word' id='word_1_287' title='bbox 121 2286 165 2317; x_wconf 88' lang='grc'>22</span> <span class='ocrx_word' id='word_1_288' title='bbox 192 2281 377 2328; x_wconf 75' lang='lat' dir='ltr'>perisbent</span> <span class='ocrx_word' id='word_1_289' title='bbox 409 2282 443 2316; x_wconf 91' lang='lat' dir='ltr'><em>V</em></span> <span class='ocrx_word' id='word_1_290' title='bbox 468 2285 472 2326; x_wconf 77' lang='lat' dir='ltr'>l</span> <span class='ocrx_word' id='word_1_291' title='bbox 500 2281 664 2317; x_wconf 87' lang='lat' dir='ltr'>fontibus</span> <span class='ocrx_word' id='word_1_292' title='bbox 696 2282 729 2317; x_wconf 90' lang='lat' dir='ltr'><em>V</em></span> <span class='ocrx_word' id='word_1_293' title='bbox 752 2294 842 2318; x_wconf 77' lang='lat' dir='ltr'>corr.</span> <span class='ocrx_word' id='word_1_294' title='bbox 863 2284 1033 2328; x_wconf 69' lang='lat' dir='ltr'>Luqdzm.</span> <span class='ocrx_word' id='word_1_295' title='bbox 1109 2286 1153 2317; x_wconf 88' lang='grc'>23</span> <span class='ocrx_word' id='word_1_296' title='bbox 1181 2281 1401 2326; x_wconf 85' lang='lat' dir='ltr'>ignaborum</span> <span class='ocrx_word' id='word_1_297' title='bbox 1434 2281 1468 2315; x_wconf 93' lang='lat' dir='ltr'><em>V</em></span> 
     </span>
    </p>
   </div>
  </div>
 </body>
</html>
