1563 2511
653 50 977 92 ——362—

75 168 118 198 33
146 157 310 198 sulibus
343 156 524 212 gesserit
557 157 838 198 consulatum.
895 171 990 199 ecce
1023 157 1156 210 aliud,
1190 157 1303 212 quod
1336 158 1492 213 aliquis

146 217 355 270 opponat:
387 215 432 256 in
464 216 575 256 tanti
604 219 646 257 te
673 229 775 271 ergo
803 217 985 257 oratoris
1018 216 1245 270 fastigium
1279 217 1492 271 gloriosus

147 274 337 315 attollis?
371 274 437 315 cui
469 275 575 315 talia
601 276 833 328 requirenti
865 275 1132 328 respondebo
1166 275 1375 317 breuiter:
1408 291 1494 318 non

145 346 224 388 ego
271 347 338 374 me
384 333 594 375 contendo
640 332 868 384 Frontoni,
913 333 986 375 sed
1028 334 1250 376 Antonino
1295 335 1492 388 praefero

74 403 118 434 34
146 391 413 434 Gratianum.
475 393 692 434 celebrant
737 392 931 448 equidem
977 392 1206 434 sollemnes
1251 393 1359 434 istos
1403 393 1492 435 dies

145 465 292 492 omnes
319 451 476 505 ubique
502 452 646 505 urbes,
679 466 786 506 quae
814 452 891 492 sub
918 451 1085 506 legibus
1114 456 1259 506 agunt,
1293 454 1336 493 et
1356 451 1494 494 Roma

145 510 196 551 de
220 524 352 551 -more
397 513 440 551 et
479 509 880 564 Constantinopolis
920 510 969 551 de
1008 511 1251 552 imitatione
1291 514 1333 551 et
1369 511 1493 553 Anti-

145 568 269 610 ochia
288 584 366 623 pro
387 569 489 610 luxu
511 571 553 610 et
574 568 792 623 Carthago
820 570 1028 610 discincta
1055 572 1097 610 et
1123 570 1282 611 donum
1303 570 1492 611 fluminis

143 627 421 669 Alexandria:
468 628 539 669 sed
585 627 760 669 Treueri
805 628 1010 682 principis
1055 629 1261 670 beneficio
1307 632 1349 670 et
1393 644 1493 670 mox

144 701 239 727 cum
271 687 365 741 ipso
394 690 565 728 auctoie
598 687 806 728 beneficii.
857 687 951 728 loca
977 687 1089 728 inter
1114 702 1159 728 se
1185 688 1356 742 distant,
1388 691 1492 729 uota

71 745 587 813 ιἓν00113011151111113.1111113
620 746 664 787 in
692 760 762 786 ore
791 746 980 787 omnium
1003 745 1246 800 Gratianus,
1277 750 1492 801 potestate

96 783 114 813 5
143 804 394 858 imper,at0r
433 804 594 845 uirtute
631 804 786 857 uictor,
831 804 1053 859 Augustus
1093 805 1340 859 sanctitate,
1384 820 1491 860 pon-

141 862 248 904 tifex
274 863 501 918 religione,
534 863 803 918 indulgentia
828 865 970 917 pater,
998 866 1139 905 aetate
1166 864 1299 917 filius,
1330 865 1491 918 pietate

140 924 381 976 utrumque.

70 993 113 1023 36
228 980 345 1022 VIII.
391 980 490 1022 Non
521 996 699 1036 possum
730 982 828 1022 fidei
861 997 990 1023 causa
1023 980 1246 1023 ostendere
1279 982 1489 1037 imagines

140 1040 352 1081 maiorum
379 1055 590 1091 meorum,
617 1043 665 1081 ut
693 1041 753 1081 ait
779 1041 890 1095 apud
919 1040 1172 1082 Sallustium
1198 1041 1380 1094 Marius,
1412 1056 1490 1083 nec

141 1099 370 1140 deductum
422 1100 474 1140 ab
519 1099 721 1141 heroibus
774 1114 907 1155 genus
959 1100 1026 1140 uel
1077 1100 1254 1141 deorum
1305 1103 1490 1141 stemma

139 1157 365 1212 replicare,
407 1173 485 1200 nec
517 1159 687 1213 ignotas
722 1173 825 1212 opes
860 1162 902 1200 et
934 1159 1196 1212 patrimonia
1228 1173 1379 1213 sparsa
1411 1159 1488 1200 sub

139 1217 302 1272 regnis:
345 1217 418 1258 sed
451 1232 517 1270 ea,
556 1231 664 1272 quae
696 1220 800 1259 nota
834 1220 951 1271 sunt,
990 1218 1128 1259 dicere
1160 1219 1322 1272 potius,
1362 1233 1489 1272 quam

1514 407 1563 433 220

1512 701 1563 727 225

1510 998 1562 1023 230

138 1276 402 1330 praedicare:
428 1277 613 1331 patriam
633 1291 720 1318 non
741 1277 979 1330 obscuram,
1006 1277 1215 1318 familiam
1237 1291 1324 1318 11011
1343 1277 1486 1331 paeni·
1509 1294 1558 1319 235

137 1335 323 1388 tendam,
350 1335 524 1377 domum
551 1336 833 1390 innocentem,
859 1335 1148 1377 innocentiam
1175 1350 1260 1377 non
1282 1338 1487 1390 coactam,

139 1396 346 1448 angustas
380 1409 499 1449 opes,
532 1398 830 1436 ueruintamen
862 1394 984 1436 libris
1012 1397 1054 1435 et
1079 1394 1237 1436 litteris
1270 1395 1486 1448 dilatatas,

137 1452 432 1507 frugalitatem
462 1455 553 1495 sine
581 1454 796 1507 sordibus,
828 1454 1046 1508 ingenium
1072 1454 1268 1507 liberale,
1295 1455 1486 1495 animum

137 1526 224 1553 non
243 1512 524 1567 inliberalem,
550 1513 724 1566 uictum,
745 1513 962 1566 uestitum,
984 1513 1296 1567 supellectilem
1317 1513 1486 1567 munda,

233 1631 301 1710 {gg
327 1629 628 1721 gffiiufgzliutsjhlg·
656 1680 711 1719 85,
739 1679 800 1710 29:
827 1687 901 1711 non
926 1687 1077 1720 possum
1103 1676 1189 1710 fidei
1216 1687 1327 1710 causa
1352 1675 1486 1721 imagi-

137 1734 200 1757 nes
221 1733 340 1767 neque
358 1723 567 1767 triumphos
584 1725 649 1758 aut
663 1723 874 1758 consulatus
894 1722 1076 1758 maiorum
1096 1734 1263 1758 meorum
1284 1724 1484 1758 ostentare.

231 1821 298 1852 217
326 1820 362 1852 te
391 1829 478 1861 ergo
509 1818 541 1851 T
566 1829 652 1862 ergo
679 1819 715 1852 te
744 1817 834 1852 MG
931 1821 999 1851 218
1026 1817 1153 1852 attolis
1181 1818 1254 1862 1111
1285 1819 1323 1852 te
1349 1817 1484 1862 glorio-

137 1875 196 1898 sus
226 1864 259 1898 G
338 1868 406 1899 219
432 1865 613 1899 Frontoni
638 1864 803 1909 Vyoletus
841 1865 1022 1899 frontonis
1051 1865 1085 1898 Z
1162 1868 1230 1899 220
1258 1865 1428 1908 equidem
1454 1864 1489 1898 Z

137 1911 347 1946 celebrante
375 1912 524 1965 quidem
541 1912 572 1945 T
579 1912 625 1956 G)
654 1911 803 1955 quidem
824 1911 989 1956 Vyoletus
1012 1913 1015 1955 Ι
1049 1912 1232 1946 solemnes
1253 1912 1302 1946 M
1308 1911 1342 1946 G
1367 1912 1484 1946 solen-

135 1970 198 1993 nes
217 1958 250 1992 T
319 1962 384 1993 221
415 1959 533 1993 omnis
555 1959 587 1993 G
661 1963 728 1992 222
758 1958 1049 2003 constaniopolis
1074 1958 1107 1992 G
1129 1960 1133 2003 1
1157 1962 1193 1994 et
1217 1959 1314 2002 Toll,
1340 1969 1405 1993 om.
1423 1959 1457 1992 Z
1478 1960 1480 2001 ξ

136 2005 355 2063 anthiochia
365 2006 414 2040 M
420 2005 453 2040 G
520 2010 587 2040 223
605 2007 755 2050 cartago
773 2007 820 2040 M
840 2008 844 2050 1
868 2005 1245 2041 discinctaAuantius
1265 2005 1487 2040 distinetaZ

139 2052 309 2098 idonum
338 2053 427 2087 TM
452 2053 602 2087 domum
632 2053 665 2087 G
691 2054 821 2087 domus
848 2054 1037 2088 Auantius
1134 2057 1203 2088 224
1229 2052 1374 2088 Treuiri
1403 2052 1437 2087 G

134 2103 202 2134 227
230 2099 346 2135 uirtor
375 2100 407 2134 T
501 2104 569 2134 229
595 2103 780 2144 utrunque
808 2099 842 2134 G

229 2147 314 2181 VIII
346 2151 412 2181 231
441 2147 636 2182 salustium
664 2148 698 2181 Z
769 2151 834 2181 232
863 2147 910 2182 ab
937 2158 1001 2182 om.
1030 2147 1063 2182 G
1086 2149 1090 2189 1
1122 2147 1184 2181 1101
1209 2147 1350 2191 Peiper,
1377 2146 1424 2180 ad
1451 2147 1486 2180 Z

133 2193 194 2229 uel
221 2195 312 2230 adeo
340 2194 490 2229 Schenkl
582 2198 649 2229 235
676 2194 939 2239 poenitendam
970 2194 1003 2228 T
1084 2198 1150 2229 237
1178 2194 1328 2240 litteris]
1356 2193 1422 2228 liis
1452 2194 1486 2228 T

133 2241 274 2276 licteris
303 2242 351 2276 M
382 2241 508 2276 liberis
536 2241 569 2276 G
592 2243 595 2284 Ι
627 2241 763 2276 dilatas
791 2241 824 2277 G
922 2245 989 2276 239
1016 2240 1265 2287 inliberalem]
1294 2241 1341 2275 M
1361 2243 1365 2285 Ι
1398 2252 1482 2286 sup-

133 2288 359 2333 pellectilem
388 2289 421 2323 T
451 2288 707 2334 supelectilem
738 2288 771 2323 G
