1563 2511
574 94 611 99 —
678 82 773 111 LVII
836 94 889 99 —-

146 176 235 218 IIII
268 176 485 218 Mosella
513 176 628 217 solus
658 179 776 217 extat
808 176 850 216 in
877 175 944 216 his
975 175 1097 216 libris
1124 174 1398 216 inferioribus

59 235 95 277 G
122 249 256 289 neque
284 250 333 276 ex
360 235 434 276 illo
463 234 665 285 deductis,
693 234 764 288 qui
790 236 936 275 tamen
964 248 1011 274 ex
1038 233 1255 275 communi
1281 233 1399 275 fonte

57 309 194 348 pauca
226 294 433 348 quaedam
465 294 622 334 rectius
659 296 883 333 seruarunt
915 307 1044 346 quam
1077 291 1340 334 SGallensis:

154 366 256 407 V=
271 364 491 418 Reyinensz'
510 366 628 418 1650,
656 364 758 405 olim
781 362 819 405 S.
840 363 1039 417 Remigii,
1065 364 1240 404 membr.
1262 378 1292 405 s.
1313 363 1353 404 X
1374 363 1401 404 f.
1433 362 1467 397 V

58 424 268 466 38¹²—40‘
299 423 424 465 med:
456 424 491 464 is
525 425 693 464 tantum
720 437 786 464 uu.
818 423 1000 464 1-180
1032 422 1163 463 habet
1188 422 1307 463 nulla
1339 422 1400 463 in-

60 483 311 537 scriptione3
349 482 487 523 medio
526 482 570 522 in
605 482 709 523 folio
743 496 913 522 carmen
946 481 1224 534 abrumpitur.
1276 481 1401 521 huius

58 541 259 584 lectiones
305 541 481 596 propius
529 541 580 582 ad
627 540 666 582 G
711 540 917 581 accedunt
961 538 1030 594 (cf.
1075 539 1246 581 Ueberl.
1285 538 1402 594 301).

59 600 200 641 AMau
239 600 396 641 librum
437 600 620 641 contulit
658 602 699 640 et
737 614 878 640 meum
918 599 961 639 in
1001 613 1123 639 usum
1163 601 1205 638 et
1245 598 1404 639 iterum

58 663 208 713 postea
241 657 505 701 Schenkelio.

148 729 188 770 R
204 750 257 762 =
272 729 576 782 Rhenauyicnsi
594 743 703 770 mmo
724 729 935 770 Tui-icens&
955 728 1044 769 bibl.
1064 728 1243 769 amium.
1265 727 1408 768 LXII
1429 728 1464 762 R

60 788 236 829 membr.
269 803 299 829 s.
325 787 409 828 XII
442 788 468 829 f.
496 787 743 830 283—285.
801 787 1087 829 conlationem
1120 786 1403 827 Bluemnerus

60 847 167 888 mihi
198 847 326 887 misit.
390 847 708 901 Rhenaugiensi
749 846 901 887 similis
945 848 1037 887 erat
1074 845 1201 898 liber,
1240 859 1322 900 quo
1363 847 1405 885 et

61 906 200 947 editor
231 905 426 947 Iuntinus
460 909 502 946 et
528 906 672 947 eodem
704 906 874 959 quidem
909 919 1019 946 anno
1049 905 1119 945 sed
1152 906 1250 958 post
1281 904 1403 945 illum

60 964 352 1019 Hieronymus
392 964 603 1006 Auantius
641 964 684 1005 in
729 964 912 1006 editione
956 963 1115 1004 Aldina
1159 963 1404 1004 adornanda

61 1039 162 1065 usus
197 1026 271 1064 est.

150 1094 420 1136 Ermenricus
450 1095 672 1147 Auffl'ensis
698 1095 857 1135 multos
890 1093 1096 1135 Mosellae
1130 1107 1277 1133 uersus
1318 1107 1405 1133 sus-

60 1153 161 1193 tulit
194 1152 238 1193 in
265 1152 449 1206 epistola
476 1153 528 1193 ad
556 1152 820 1194 Grimoldum
848 1152 1252 1205 archicapellanum,
1280 1166 1405 1205 quam

63 1226 111 1252 ex
146 1211 233 1253 cod.
267 1210 331 1253 Sti
371 1210 483 1252 Galli
525 1212 610 1253 265
650 1212 783 1252 edidit
819 1210 1109 1253 EDuemmler
1147 1210 1270 1251 Halis
1311 1209 1406 1251 Sax.

67 1271 189 1312 1873.
243 1270 314 1324 qui
345 1270 455 1311 unde
487 1270 687 1312 habuerit
719 1270 919 1321 codicem,
952 1285 1038 1311 non
1071 1272 1251 1311 constat.

153 1340 336 1383 Treuiris
370 1341 470 1382 olim
509 1342 553 1382 in
585 1341 846 1383 monasterio
879 1340 1118 1383 SEuchariz'
1154 1340 1285 1380 fuisse
1317 1338 1405 1381 Mo-

65 1400 195 1441 sellae
240 1400 424 1441 codicem
471 1401 671 1442 docemur
717 1401 769 1441 ab
816 1400 1046 1442 Gestorum
1087 1399 1406 1440 Treuirensium

65 1462 255 1513 auctore,
288 1460 359 1513 qui
392 1460 566 1513 scripsit
598 1473 629 1502 s.
660 1459 764 1513 XII,
801 1462 926 1514 atque
966 1473 1032 1511 eo,
1072 1459 1144 1513 qui
1177 1457 1306 1498 Gesta
1333 1458 1407 1498 illa

63 1518 332 1559 continuauit
372 1516 603 1574 (Waitzius
643 1519 703 1559 ed.
742 1519 786 1559 in
825 1517 978 1559 Pertzii
1021 1516 1079 1559 SS
1119 1515 1226 1557 VIII
1266 1517 1407 1558 130—

66 1575 180 1632 174).
230 1577 414 1632 legimus
447 1577 557 1631 apud
590 1592 685 1618 eum
719 1591 750 1618 c.
784 1578 840 1618 20
874 1575 933 1632 (p.
961 1577 1062 1629 156,
1095 1576 1163 1631 4):

158 1656 299 1700 „Erant
334 1667 376 1691 eo
414 1658 580 1700 tempore
613 1657 711 1701 apud
744 1655 916 1691 Trebiros
949 1655 1058 1690 multi
1090 1656 1235 1690 nobiles
1275 1658 1312 1690 et
1351 1667 1406 1690 ec-

63 1702 261 1737 clesiastici
286 1703 373 1743 uiri,
400 1703 463 1738 ille
489 1703 667 1738 uidelicet
686 1703 870 1748 presbiter
890 1703 1120 1738 Iheronimus
1148 1703 1192 1738 de
1214 1703 1406 1737 Bethleem

64 1751 101 1785 et
144 1750 327 1784 Ausonius
364 1750 649 1795 Burdegalensis
688 1749 825 1794 aliique
864 1760 975 1794 quam
1013 1749 1174 1794 plurimi.
1242 1750 1404 1792 Quorum

64 1797 293 1832 Iheronimus
326 1797 507 1841 prolixum
541 1798 650 1832 ualde
684 1798 728 1832 de
761 1797 909 1840 synodis
946 1798 1081 1831 librum
1117 1798 1235 1832 sancti
1273 1797 1405 1832 Hilarii

63 1845 200 1878 ibidem
228 1844 453 1889 conscripsit,
479 1844 668 1879 Ausonius
692 1855 779 1879 uero
807 1844 975 1879 libellum
1002 1845 1065 1888 qui
1090 1844 1225 1879 dicitur
1252 1844 1405 1879 Mosella

64 1891 216 1926 metrice
248 1893 457 1936 composuit
488 1893 525 1926 et
556 1893 688 1936 postea
718 1902 886 1926 reuersus
918 1892 954 1925 in
990 1892 1150 1936 patriam
1178 1892 1316 1937 grande
1343 1903 1409 1926 uo-

64 1939 187 1973 lumen
221 1940 429 1983 composuit
458 1939 504 1973 ad
537 1939 714 1974 honorem
747 1939 856 1973 huius
889 1938 1049 1983 patriae,
1084 1940 1181 1983 quod
1218 1939 1280 1983 qui
1315 1939 1406 1974 scire

64 1985 240 2029 uoluerit,
266 1987 305 2020 in
330 1985 540 2031 Burdegala
566 1986 726 2031 reperire
752 1986 923 2031 poterit.“

64 2059 219 2100 ultima
270 2059 401 2099 uerba
445 2073 494 2099 ex
541 2059 738 2100 uersibus
783 2059 967 2100 Ausonii
1018 2059 1128 2100 male
1178 2059 1408 2100 intellectis

66 2117 234 2171 quidem
276 2118 448 2159 fluxisse
489 2117 850 2172 Wyttenbachius
889 2118 1013 2171 uidit,
1059 2118 1132 2159 sed
1177 2121 1408 2169 auctorem,

67 2190 189 2230 quem
235 2175 274 2217 S.
319 2176 524 2217 Eucharii
567 2177 873 2218 monasterium
919 2177 1148 2218 incoluisse
1194 2176 1406 2218 Waitzius

68 2234 171 2276 dicit
218 2250 258 2289 p.
302 2235 406 2288 116,
462 2235 668 2277 Mosellae
724 2236 881 2277 librum
930 2235 1131 2277 habuisse
1181 2239 1408 2276 testantur.

68 2294 328 2348 eundemque
367 2294 522 2335 librum
561 2295 606 2335 ni
643 2294 770 2336 fallor
809 2294 1021 2349 adhibuit,
1058 2295 1129 2348 qui
1162 2294 1407 2335 chronicam
