1563 2511
652 65 967 107 —253—

137 170 260 211 Milia
291 170 357 212 bis
387 173 607 225 nongenta
637 170 756 211 iubet
788 169 1005 211 demensio
1038 171 1182 226 legum

194 229 488 270 Adnumerata
519 243 614 270 reos
646 243 722 282 per
753 230 820 270 tot
853 229 973 270 obire
1006 229 1106 271 dies.

81 292 86 298 '
135 287 228 329 Iam
259 288 382 342 potui
413 288 596 329 Romam
627 287 755 341 pedes
788 287 848 328 ire
879 287 1092 341 pedesque
1125 289 1301 342 reuerti,

192 346 259 387 Ex
292 361 374 401 quo
406 349 449 388 te
483 346 691 387 dirimunt
723 346 843 387 milia
873 359 1009 400 pauca
1042 346 1162 389 mihi.

135 403 307 459 Seirpea
338 405 596 446 Dumnitoni
626 405 741 446 tanti
774 406 840 445 est
870 404 1083 446 habitatio
1116 406 1236 447 uati?
1436 417 1478 448 15

191 463 418 506 Pauliacos
451 464 565 505 tanti
596 477 683 506 non
714 463 820 504 mihi
852 462 959 504 uilla
989 463 1112 504 foret.

134 522 202 564 An
236 523 336 576 quia
367 537 442 576 per
473 522 666 564 tabulam
699 522 811 563 dioto
844 525 1059 577 pangente
1091 525 1287 564 notatam

192 580 352 623 Debita
384 596 551 622 summa
582 581 689 622 mihi
723 584 806 634 est,
836 595 889 621 ne
922 584 1183 636 repetamus,
1217 582 1348 623 abes?

135 640 208 681 Bis
243 642 405 695 septem
437 641 590 682 rutilos
622 640 767 695 regale
797 639 1014 681 nomisma
1046 640 1287 694 Philippos,

191 698 282 740 Neo
313 699 425 740 tanti
456 699 633 753 fuerint,
665 699 840 753 perdere
873 699 1004 753 malo,
1037 699 1203 752 Theon,
1434 710 1478 741 20

131 757 396 811 Implicitum
428 773 557 812 quam
589 761 632 799 te
663 758 825 799 nostris
856 758 1022 799 interne
1055 758 1253 799 medullis

190 816 348 858 Defore
380 819 470 858 tam
502 817 621 871 longi
652 817 859 871 temporis
891 816 937 857 in
970 817 1123 870 spatio.

131 875 249 929 Ergo
284 878 358 916 aut
388 876 631 930 praedictos
663 876 748 916 iam
780 889 891 916 nune
922 875 1107 916 rescribe
1139 875 1295 917 Darios

191 934 250 975 Et
281 934 458 988 redime,
490 938 538 975 ut
570 949 691 976 mora
723 934 778 975 sit
809 935 945 975 libera
978 934 1182 987 desidiae,

133 992 224 1034 Aut
254 994 361 1034 alios
394 1008 419 1034 a
451 1008 517 1034 me
549 993 728 1035 totidem
762 993 892 1046 dabo,
925 993 1023 1033 dum
1057 993 1183 1035 modo
1217 994 1301 1034 cari
1434 1004 1477 1035 25

193 1050 427 1106 Conspieer
459 1067 535 1093 ora
567 1053 667 1106 uiri,
698 1052 898 1106 pauperis
931 1066 1064 1105 usque
1096 1053 1210 1093 licet.

136 1110 283 1165 Puppe
316 1112 425 1152 citus
456 1125 641 1165 propera
674 1112 931 1164 sinuosaque
964 1111 1097 1151 lintea
1130 1111 1215 1151 ueli

192 1169 354 1210 Pande:
387 1169 613 1210 Medullini
644 1172 687 1210 te
718 1170 828 1210 feret
860 1184 934 1210 ora
964 1170 1058 1210 noti

135 1227 392 1281 Expositum
427 1228 574 1269 subter
605 1228 789 1281 paradas
822 1229 1016 1282 lectoque
1049 1228 1277 1279 iacentem,

193 1286 394 1341 Corporis
429 1289 477 1328 ut
508 1287 620 1328 tanti
650 1301 737 1328 non
768 1289 994 1328 moueatur
1027 1301 1146 1329 onus.
1433 1298 1477 1328 30

132 1344 253 1386 Vnus
286 1345 540 1387 Dumnitoni
573 1348 614 1386 te
648 1346 774 1388 litore
806 1345 991 1399 perferet
1023 1348 1165 1387 aestus

192 1403 427 1447 Condatem
462 1405 515 1446 ad
547 1407 739 1460 portum,
773 1405 807 1445 si
839 1405 966 1446 modo
996 1404 1264 1459 deproperes.

135 1463 269 1517 Inque
300 1464 437 1505 uicem
470 1464 572 1518 ueli,
606 1465 802 1518 quotiens
833 1466 908 1504 tua
939 1463 1114 1505 flamina
1146 1466 1333 1517 cessant,

228 1580 313 1613 XVI
340 1582 380 1612 11
410 1578 453 1613 of.
480 1579 677 1613 Iustiniani
703 1579 849 1624 digesta
874 1578 907 1612 II
933 1593 980 1621 x1‚
1010 1583 1039 1612 1.

230 1631 271 1661 19
297 1626 425 1661 Horat.
452 1625 519 1670 Ep.
547 1626 579 1659 Π
609 1630 638 1670 1,
666 1630 735 1660 234

229 1724 269 1755 11
296 1720 503 1764 nonaginta
536 1721 567 1754 V
592 1731 682 1755 corr.
709 1721 881 1755 Pithoeus
969 1724 1010 1754 12
1038 1719 1139 1754 ouire
1172 1720 1204 1753 V
1276 1724 1315 1754 13
1343 1720 1481 1755 reberti

140 1768 187 1802 Vl
285 1772 329 1801 14
354 1767 440 1802 mici
470 1767 504 1800 V
600 1771 640 1801 15
682 1767 916 1802 domnotonis
948 1766 982 1800 V
1009 1768 1044 1811 (o
1070 1768 1132 1801 alt.
1159 1768 1200 1801 in
1226 1767 1265 1801 i?
1300 1767 1349 1810 V)
1388 1778 1479 1802 corr.

135 1826 297 1870 Scaliyeo·
327 1828 330 1868 Ι
360 1826 430 1861 tati
460 1826 494 1859 V
520 1827 525 1868 Ι
560 1825 717 1861 abitatio
749 1825 830 1861 bati
867 1825 912 1859 V¹
1031 1829 1074 1859 16
1106 1825 1298 1861 Pauliacos
1332 1826 1421 1861 stati
1451 1825 1486 1859 V

136 1871 351 1913 Παυλιακὸς
376 1874 474 1908 tanti
499 1873 673 1919 Luydun.
700 1873 898 1908 Pauliaeus
926 1872 1086 1918 Sealiyer
1108 1876 1112 1915 Ι
1144 1872 1232 1908 mici
1257 1873 1350 1907 billa
1380 1873 1415 1907 V

136 1924 178 1954 17
212 1920 339 1955 tabula
370 1920 515 1955 medica
549 1932 676 1965 pugna
706 1921 742 1955 V
777 1921 919 1965 (tabula
953 1921 1016 1964 V2)
1043 1931 1132 1955 corr.
1163 1920 1295 1964 Peiper
1333 1922 1371 1964 (i.
1393 1931 1480 1965 pro-

135 1969 241 2002 misso
266 1969 444 2010 firmante)
479 1968 596 2012 digito
623 1969 820 2010 Heinsius,
851 1969 1042 2012 pugnante
1069 1968 1262 2012 Luydzm„
1294 1969 1481 2012 pangente

135 2015 243 2049 etiam
268 2014 418 2049 Schenkl
517 2018 559 2048 18
587 2026 691 2049 suma
721 2015 755 2049 V
758 2016 768 2033 ¹
797 2017 801 2059 Ι
830 2015 917 2049 miei
950 2015 1008 2057 Vl
1038 2014 1149 2049 habes
1181 2014 1229 2049 V2
1327 2019 1370 2049 20
1397 2015 1480 2060 neo]

135 2073 180 2095 ne
209 2063 408 2105 Pithoeus!
439 2062 528 2096 teon
558 2061 593 2095 V
661 2066 705 2096 23
732 2063 804 2097 aud
836 2062 910 2106 V¹}
939 2063 1052 2097 tarios
1086 2062 1116 2095 V
1142 2072 1232 2097 corr.
1262 2063 1434 2096 Pithoeus

135 2112 179 2142 25
212 2109 276 2143 aut
308 2109 396 2143 abos
429 2120 451 2143 a
476 2120 535 2143 me
560 2109 733 2144 totidiem
766 2110 801 2144 V
828 2120 917 2144 corr.
946 2109 1116 2144 Pithoeus
1212 2112 1255 2143 26
1283 2109 1354 2143 biri
1387 2109 1432 2141 ΙΝ

136 2182 180 2213 27
210 2178 286 2213 beli
319 2179 365 2212 V1
461 2183 506 2214 30
532 2180 727 2215 mobeatur
758 2180 807 2215 V¹
905 2184 947 2213 31
979 2172 1207 2215 adonnotoni
1235 2170 1270 2222 (ὅ
1296 2190 1339 2214 ω·
1366 2190 1386 2213 o
1413 2180 1479 2220 al„-

135 2250 184 2284 αῖ.
209 2250 250 2283 in
274 2261 387 2295 mary.
413 2249 474 2284 hic
501 2263 539 2285 .s.
566 2235 704 2294 lidseit)
739 2251 797 2295 Vl
824 2250 953 2285 littore
988 2250 1044 2294 V}
1075 2250 1198 2298 &feret
1231 2249 1264 2282 Γ
1334 2253 1378 2282 33
1405 2249 1479 2284 ueli

137 2295 314 2330 Heinsius
348 2298 449 2331 uenti
483 2297 517 2330 V
