1563 2511
642 42 964 83 —292—

142 146 202 190 Et
233 162 329 189 cum
363 147 528 188 solutus
562 147 774 202 corporali
806 161 971 189 carcere

203 206 418 260 Terraque
449 205 753 261 prouolauero,

145 264 239 315 Quo
273 279 340 306 me
371 264 525 307 locarit
557 279 634 306 axe
666 266 904 307 eommunis
938 269 1078 321 pater,

202 323 295 364 Illic
328 337 498 378 quoque
531 323 674 366 animo
706 327 749 366 te
781 338 938 380 geram.
1449 335 1493 367 60

142 382 293 437 Neque
324 382 423 424 finis
454 382 583 437 idem,
616 383 691 437 qui
722 397 817 425 meo
850 398 917 425 me
950 397 1126 437 corpore

202 441 262 483 Et
295 455 440 483 amore
471 441 637 483 laxabit
667 444 760 497 tuo;

143 499 266 541 Mens
300 500 475 555 quippe,
507 501 642 554 lapsis
675 516 781 556 quae
815 503 1030 555 superstes
1066 501 1243 542 artubus

203 558 268 600 De
301 559 434 614 stirpe
466 559 595 601 durat
626 560 789 613 caeliti,

145 615 304 660 Sensus
336 632 508 659 neeesse
542 621 607 660 est
639 619 770 660 simul
803 621 844 660 et
877 618 1067 660 adfectus
1102 633 1200 660 suos
1450 628 1492 659 65

203 676 365 718 Teneat
398 691 531 731 aeque
562 679 610 718 ut
642 677 779 718 uitam
812 692 952 731 suam,

143 735 201 778 Et
231 738 279 777 ut
310 735 437 789 mori,
469 736 529 777 sie
563 735 761 777 obliuisci
792 751 879 778 non
911 736 1043 790 capit,

203 794 394 836 Perenne
426 794 557 835 uiuax
589 797 632 836 et
663 809 837 836 memor.

263 875 372 918 Vale
405 876 577 918 domine
609 876 807 919 illustris.

73 1029 180 1055 XXXI
200 1027 334 1060 [Paulini
346 1029 401 1060 Ep.
414 1029 449 1061 x]
559 1014 774 1051 AVSONIO
799 1015 1054 1051 PAVLINVS.

147 1100 312 1150 Quarta
343 1100 455 1142 redit
487 1100 603 1142 duris
637 1100 743 1143 haee
774 1101 860 1142 iam
893 1101 1155 1142 messoribus
1189 1104 1349 1156 aestas,

204 1159 264 1201 Et
294 1160 454 1202 totiens
487 1174 593 1201 cano
626 1160 780 1201 bruma
812 1160 910 1215 gelu
942 1160 1093 1214 riguit,

145 1217 213 1260 Ex
245 1232 329 1272 quo
361 1219 480 1260 nulla
512 1221 588 1260 tuo
620 1218 726 1260 mihi
758 1219 904 1260 littera
935 1218 1054 1260 uenit
1088 1219 1142 1260 ab
1176 1234 1266 1274 ore,

204 1275 340 1318 Nulla
369 1280 446 1319 tua
476 1277 566 1318 uidi
599 1277 762 1332 scripta
792 1280 944 1319 notata
975 1292 1125 1332 manu,

146 1335 261 1377 Ante
294 1335 517 1378 salutifero
550 1336 655 1378 felix
687 1351 816 1391 quam
849 1336 999 1378 charta
1029 1336 1176 1378 libello
1477 1348 1497 1379 5

206 1394 331 1436 Dona
362 1398 521 1450 negata
553 1395 625 1436 diu
657 1395 946 1449 multiplicata
977 1395 1108 1437 daret.

146 1451 279 1495 Trina
311 1454 472 1496 etenim
504 1454 625 1496 uario
657 1454 838 1496 florebat
869 1455 1055 1509 epistula
1086 1457 1226 1508 textu,

208 1511 281 1554 Set
312 1527 541 1555 numerosa
572 1513 729 1568 triplex
760 1514 920 1569 pagina
952 1527 1124 1555 carmen
1156 1517 1260 1555 erat.

147 1569 302 1613 Dulcia
333 1571 602 1614 multimodis
635 1572 862 1627 quaedam,
895 1573 1124 1615 subamara
1156 1573 1370 1627 querellis,

208 1629 351 1672 Anxia
383 1645 586 1673 censurae
618 1631 852 1673 miscuerat
883 1633 1036 1686 pietas.
1456 1643 1498 1675 10

244 1751 289 1782 58
316 1747 404 1794 que]
430 1757 501 1792 que
521 1758 604 1782 oum
618 1747 679 1791 ΡΙ
700 1747 895 1792 prolauem
911 1747 938 1782 9
1012 1752 1056 1783 59
1077 1748 1194 1783 locari
1208 1748 1236 1783 S
1310 1752 1354 1783 60
1376 1748 1499 1784 animo

148 1794 187 1828 te
211 1793 447 1830 Zeclmzeister
472 1796 508 1829 te
536 1794 658 1829 animo
685 1795 771 1829 libri
792 1796 797 1839 Ι
833 1805 915 1829 amo
941 1795 1108 1830 Βνιιωεῖἶ.
1184 1799 1228 1831 62
1257 1794 1399 1831 laxauit
1424 1795 1453 1830 S

150 1844 194 1875 63
222 1842 333 1887 quae]
360 1853 394 1886 q.
422 1841 451 1876 S
479 1842 483 1887 Ι
515 1841 656 1876 artibus
683 1841 720 1876 P
814 1846 858 1877 64
885 1843 1009 1887 styrpe
1037 1842 1065 1877 S
1162 1846 1206 1877 65
1234 1842 1388 1878 affectus
1413 1843 1502 1878 libri

198 1891 243 1922 66
269 1899 387 1933 aeque
413 1900 479 1924 om.
495 1889 523 1924 S
597 1892 639 1924 67
667 1888 777 1935 mori]
806 1900 925 1924 mares
949 1890 985 1923 P
1057 1893 1100 1924 68
1127 1900 1327 1935 perempne
1347 1889 1451 1925 uiuat
1467 1889 1503 1924 P

153 1934 170 1981 ΙΙ
198 1935 293 1970 Vale
319 1936 470 1970 domum
495 1935 652 1970 illustris
681 1936 717 1970 P
740 1947 806 1971 om.
827 1936 855 1971 S

16 1994 137 2030 VPH
246 2006 398 2029 Avsomo
424 2007 595 2030 mvnnws
627 1994 661 2028 V
680 1995 812 2038 (mim),
834 1997 873 2029 Π
907 1995 996 2031 Viro
1024 1995 1162 2031 illustri
1186 1995 1351 2031 Ausonio
1378 1995 1501 2031 Pauli-

150 2052 219 2076 nus
247 2041 285 2076 P
332 2043 466 2086 (1—18
492 2052 558 2077 om.
579 2042 621 2086 S)
721 2046 737 2076 1
767 2042 890 2077 reddit
917 2043 954 2077 P
980 2047 983 2084 Ι
1012 2043 1244 2079 mensoribus
1278 2043 1325 2077 V¹
1398 2046 1419 2078 2
1444 2044 1499 2078 to-

150 2088 222 2124 ties
249 2088 286 2123 P
366 2093 386 2123 3
413 2089 502 2124 hore
526 2089 565 2124 P
646 2092 666 2123 5
694 2099 805 2132 quam
838 2089 916 2123 VH
939 2090 1087 2125 comuni
1111 2090 1172 2135 ΡΙ
1205 2092 1308 2126 carta
1338 2089 1456 2125 VPH

151 2139 172 2170 6
199 2135 259 2170 diu
284 2138 321 2179 (u
347 2137 393 2171 al.
421 2137 519 2178 add„
544 2147 658 2181 mary
685 2137 732 2171 al
761 2136 838 2181 diu)
870 2136 905 2170 V
926 2136 991 2171 difi
1019 2137 1056 2171 P
1127 2141 1146 2171 7
1173 2138 1293 2174 uarios
1316 2139 1355 2172 H
1382 2140 1387 2181 Ι
1423 2136 1500 2182 epi-

151 2183 248 2218 stola
267 2184 355 2218 libri
427 2187 448 2218 8
475 2183 548 2229 set]
578 2183 634 2227 Vl
658 2193 805 2218 carmen
832 2185 929 2218 er:at
957 2195 1002 2219 en
1022 2195 1065 2219 ea:
1084 2184 1133 2227 in,
1161 2197 1178 2219 r
1198 2195 1242 2219 ex
1261 2196 1280 2219 c
1305 2188 1347 2220 ut
1369 2185 1447 2220 uid.
1471 2184 1504 2219 V

221 2234 241 2265 9
268 2230 509 2266 multamodis
542 2230 618 2265 VH
644 2231 648 2274 Ι
684 2230 839 2275 querell
830 2242 859 2266 1s
891 2230 925 2265 V
952 2231 1121 2276 quei-illis
1148 2234 1188 2266 Π
1217 2231 1376 2276 querelis
1403 2231 1438 2266 P

153 2280 195 2312 10
210 2288 365 2314 censura
379 2277 649 2313 emiscueratH
666 2278 879 2314 milscuerat
893 2278 919 2322 (i
935 2281 1049 2323 exui»
1073 2279 1078 2324 J
1100 2278 1244 2325 piae-tas
1257 2289 1338 2314 corr
1341 2289 1422 2314 aas.
1426 2280 1438 2323 )
1452 2277 1500 2313 V¹
