1563 2511
617 68 665 73 —
733 55 793 86 CII
860 69 906 74 --

209 150 356 204 posuit
387 150 472 191 379
505 150 617 191 inter
645 149 759 205 Sept.
787 153 829 192 et
854 151 892 193 3.
919 151 1017 194 Dee.
1051 152 1281 206 statimque
1314 154 1437 194 uetus

210 209 325 249 inter
345 207 506 250 Gallias
527 208 762 264 Italiasque
784 209 938 251 diuisio
959 211 1160 252 restituta
1180 213 1263 252 est:
1285 210 1437 252 Italiae

208 267 480 320 praefectura
493 267 704 322 Hesperio
720 269 893 322 mansit,
915 268 1068 310 Galliis
1083 270 1354 323 praepositus
1375 273 1441 312 est

210 324 405 368 Siburius
445 330 547 374 (Cod.
573 330 754 366 Theodos
788 332 838 365 XI
873 336 934 375 16,
964 335 1005 365 12
1030 352 1070 356 —
1090 332 1139 366 XI
1167 336 1226 375 13,
1255 337 1287 367 7.
1316 353 1358 358 ——
1386 333 1439 368 De

211 382 392 427 Hesperio
425 383 469 418 cf.
501 383 587 419 Cod.
622 383 804 419 Theodos.
831 384 900 417 VH
928 388 988 427 18,
1017 388 1049 418 2.
1089 384 1174 419 XIII
1203 390 1238 426 1,
1274 389 1315 419 11
1344 387 1382 420 et
1407 389 1438 430 ὅ,

208 433 291 520 ἔξω
314 429 399 464 VIII
428 434 486 474 18,
515 435 546 465 6.
591 431 675 465 XVI
702 435 740 473 5,
768 435 799 465 5.
844 431 894 465 VI
921 435 983 475 30,
1009 435 1042 468 4.
1088 431 1161 468 uid.
1190 433 1235 467 ad
1263 443 1294 467 a.
1321 436 1439 468 377—

91 541 175 578 378
196 540 249 579 in.
283 540 554 590 Symmachi
594 542 649 579 acl
687 542 949 580 Ausonium
987 542 1064 592 Ep.
1096 543 1115 580 Ι
1157 544 1209 581 18
1243 544 1436 588 (honorem

208 595 314 628 tuum
336 623 342 629 .
365 620 373 627 .
392 595 468 629 iam
500 596 637 629 dudum
672 596 766 629 nihil
797 595 931 630 tribuis
965 597 1064 639 quod
1095 596 1274 642 legamus.
1315 598 1437 632 totum

207 653 284 684 me,
310 641 472 686 inquies,
500 641 752 687 emancipauit
777 642 848 677 sibi
875 654 962 678 cura
987 644 1189 688 praetorii).

89 701 272 755 378s379
304 705 481 744 eiusdem
508 706 558 743 ad
584 707 751 744 eundem
777 707 853 756 Ep.
881 707 898 744 I
928 708 979 745 26
1010 710 1103 752 (uiro
1130 710 1168 745 in
1195 712 1345 756 specula
1370 712 1435 746 ho-

207 769 337 793 norum
364 760 514 804 locato).

88 824 171 861 378
200 823 265 861 1161
293 824 376 861 379
411 824 585 861 eiusdem
613 823 663 862 ad
689 823 855 861 eundem
883 825 958 873 Ep.
980 825 998 862 I
1021 826 1092 863 15:
1118 824 1326 860 Palladium
1352 826 1434 861 rhe-

205 878 324 912 torem
357 878 609 920 commendat,
643 877 706 920 qui
739 888 767 911 6.
801 889 832 913 a.
867 882 934 912 379
974 879 1012 912 in
1046 878 1262 913 comitatum
1295 878 1436 914 accitus

207 923 359 969 (Symm.
393 936 448 969 ep.
483 925 533 959 III
567 929 610 959 50
644 924 659 957 I
692 926 768 969 94),
801 936 832 960 a.
860 928 926 959 381
956 936 1078 960 comes
1111 936 1298 960 sacrarum
1323 925 1435 971 largi-

204 971 348 1006 tionum
374 971 412 1006 in
439 972 525 1006 aula
551 971 754 1006 Theodosii
781 971 868 1015 (uid.
897 972 1112 1016 Symmachi
1138 972 1186 1007 ad
1210 973 1332 1017 ipsum
1351 972 1435 1007 Pal-

205 1018 345 1053 ladium
378 1029 436 1063 ep.
463 1018 567 1053 VIIII
595 1023 611 1052 1
647 1021 684 1053 et
716 1018 802 1053 Cod.
837 1019 1053 1063 Theodos),
1085 1031 1117 1054 a.
1151 1023 1218 1054 382
1257 1019 1436 1065 magister

204 1065 411 1100 officiorum
438 1067 531 1110 (cod.
558 1066 753 1110 Theodos)
781 1068 925 1102 creatus
951 1068 1015 1102 est.

86 1126 170 1168 378
204 1125 379 1168 Julius
399 1127 530 1168 Auso
544 1127 659 1168 nius
678 1132 799 1180 pater
815 1127 921 1169 obiit
935 1129 1251 1182 nonagenarius
1267 1134 1433 1179 (Epieed.

205 1187 248 1218 61
265 1195 342 1228 sqq.
377 1184 581 1228 nonaginta
613 1196 728 1219 annos
761 1184 878 1229 exegi.
923 1184 1003 1219 Par.
1034 1189 1070 1228 1,
1104 1189 1218 1229 4sqq.
1259 1185 1435 1220 undecies

203 1230 309 1265 binas
335 1231 411 1265 uixi
438 1231 697 1276 olympiadas).

86 1296 169 1333 378
198 1295 263 1332 uel
292 1297 373 1333 379
403 1295 666 1343 Epicedion
686 1296 732 1332 in
751 1298 932 1344 patrem
957 1298 1025 1342 (pr.
1048 1301 1107 1331 13:
1135 1295 1290 1341 imagini
1316 1295 1432 1339 ipsius

203 1348 242 1382 hi
268 1360 393 1383 uersus
421 1349 621 1393 subscripti
648 1350 743 1384 sunt.
789 1354 832 1383 42
859 1350 1069 1394 praefectus
1091 1349 1208 1384 Gallis
1234 1350 1271 1383 et
1293 1348 1432 1393 Libyae

203 1397 241 1430 et
266 1396 384 1431 Latio.
435 1399 479 1430 45
513 1397 620 1430 huius
654 1407 722 1440 ego
757 1398 794 1430 et
824 1399 952 1430 natum
980 1398 1017 1432 et
1049 1407 1225 1441 generum
1255 1407 1322 1440 pro
1348 1406 1432 1430 con-

202 1444 281 1477 sule
308 1442 387 1477 uidi
415 1442 606 1487 [Hesperii
625 1443 897 1487 praefecturam
917 1455 990 1478 non
1016 1443 1210 1478 breuitatis
1230 1453 1297 1478 nec
1322 1442 1433 1477 metri

202 1489 326 1535 gratia
360 1490 526 1525 omisisse
558 1492 708 1534 poetam
741 1490 967 1535 putauerim,
1009 1491 1072 1526 sed
1106 1490 1205 1534 quod
1236 1489 1317 1533 ille,
1351 1500 1433 1524 cum

202 1538 309 1581 pater
329 1537 420 1572 haec
441 1538 629 1580 scriberet,
650 1548 724 1572 non
742 1538 952 1582 praefectus
974 1538 1037 1572 sed
1058 1539 1249 1582 tamquam
1269 1536 1431 1571 uicarius

201 1584 382 1628 praefecti
415 1585 547 1630 esset]:
580 1585 708 1619 consul
740 1587 782 1619 ut
819 1585 899 1630 ipse
937 1586 1051 1629 foret,
1092 1596 1174 1629 spes
1205 1583 1299 1619 mihi
1332 1585 1434 1619 certa

200 1631 298 1675 suit).

84 1693 169 1734 378
204 1693 434 1733 Alamanni
461 1694 514 1735 ab
544 1692 796 1735 Gratiano
823 1693 981 1734 deuicti
1013 1708 1158 1748 pugna
1191 1692 1244 1734 ad
1270 1693 1433 1746 Argen-

201 1752 358 1792 tariam
391 1755 590 1799 (Ammian.
619 1755 738 1790 XXXI
762 1759 816 1799 10,
837 1759 867 1791 8.
907 1756 1068 1800 Epitom.
1096 1760 1152 1800 47,
1173 1760 1204 1790 2.
1239 1754 1339 1789 Oros.
1361 1753 1431 1788 VH

202 1817 259 1858 33,
286 1817 306 1848 8
333 1825 377 1848 ex
402 1813 627 1858 Hieronymo
657 1815 704 1849 ad
725 1826 756 1848 a.
780 1816 898 1860 2395).
925 1814 1102 1865 pacatus
1127 1826 1212 1853 uno
1245 1810 1289 1851 in
1317 1823 1430 1850 anno

202 1867 393 1910 Danuuii
429 1869 553 1910 limes
595 1872 637 1910 et
669 1869 810 1911 Rheni
844 1876 961 1918 (Gi-at.
986 1876 1069 1910 Act.
1097 1876 1142 1917 7).
1199 1868 1430 1910 Gratianus

202 1926 378 1968 Valenti
422 1932 575 1981 patruo
621 1929 825 1970 auxilium
877 1929 1042 1970 laturus
1088 1927 1291 1970 Sirmium
1334 1940 1431 1980 pro-

202 1986 409 2027 ficiscitur
434 1989 476 2028 et
503 1987 555 2027 acl
581 1986 735 2028 Martis
762 1990 902 2029 castra
929 1992 1127 2035 (Ammian.
1154 1992 1274 2027 XXXI
1303 1996 1356 2035 11,
1383 1991 1431 2034 6).

86 2057 171 2098 378
188 2070 250 2098 ex.
267 2072 331 2108 ep.
349 2062 401 2098 29
424 2060 730 2109 „Valentiniano
750 2061 896 2099 iuniori
910 2061 948 2098 in
965 2061 1122 2110 signum
1136 2057 1429 2099 marmoreum“

203 2114 252 2158 (u.
280 2118 318 2148 2:
347 2124 430 2148 cum
456 2114 646 2158 Augustus
673 2114 788 2149 frater
813 2114 1049 2157 remeauerit3
1077 2125 1207 2149 aureus
1234 2114 1339 2157 esto)-

201 2173 440 2215 Valentis
480 2175 531 2215 ad
564 2174 907 2230 Hadrianopolin
944 2175 1048 2216 uicti
1086 2175 1286 2217 interitus
1330 2180 1429 2226 (Am-

200 2230 463 2323 ἓι111ῑὲ1ἐῤ5ῗζΧΧΙ
498 2235 550 2265 13.
597 2231 697 2267 Oros.
732 2233 800 2267 VH
832 2237 893 2276 33,
930 2236 971 2267 13
993 2243 1072 2276 sqq.
1116 2243 1160 2266 ex
1192 2233 1341 2269 Hieron.
1382 2232 1430 2267 ad
