1563 2511
105 175 146 207 15
161 164 219 205 Et
249 165 510 217 praeceptor.

159 222 237 263 Ille
270 221 478 275 superbae

158 280 326 322 Moenia
361 279 525 320 Romae

160 338 294 380 Fama
326 341 367 379 et
399 338 563 379 meritis

163 397 342 438 Inclitus
375 396 510 438 auxit:

100 466 144 498 20
158 455 296 497 Maior
329 458 507 509 utroque

157 514 220 555 Tu
250 513 511 569 Burdigalae

159 572 317 614 Laetus
349 573 515 627 patriae

156 631 284 673 Clara
315 631 503 673 cohortis

155 689 324 731 Vexilla
355 703 526 744 regens,

98 759 142 790 25
159 748 323 790 Cuncta
354 748 546 790 habuisti

157 806 392 849 Commoda
422 807 519 859 fati,

155 865 255 907 Non
288 867 379 908 sine
411 881 557 908 morsu

162 924 316 966 Grauis
348 925 550 966 inuidiae:

156 982 313 1024 Omnia
343 997 529 1037 praecox

103 1051 147 1083 30
161 1040 353 1084 Fortuna
387 1042 467 1083 tibi

163 1100 292 1142 Dedit
328 1104 370 1142 et
400 1101 560 1154 rapuit:

122 1218 142 1249 8
169 1214 305 1249 Laetus
331 1215 475 1259 patriae

172 1260 281 1296 Clara
307 1262 471 1297 cohortis

171 1307 312 1342 Vixilla
336 1320 468 1353 regens

103 1358 143 1389 11
172 1354 314 1390 Cuncta
341 1355 479 1390 abuisti

194 1415 258 1450 col.
284 1418 342 1451 2a

99 1476 142 1507 12
170 1472 372 1508 Commoda
396 1473 465 1507 fati

169 1520 332 1565 Postque
358 1522 488 1565 petera

167 1567 215 1601 Et
240 1568 435 1612 preceptor

101 1616 143 1648 15
169 1613 325 1649 Puluere
350 1615 390 1648 in
415 1624 507 1648 aeuo

170 1660 378 1696 Deseruisti

168 1706 267 1742 Vota
292 1709 440 1742 tuorum

167 1754 251 1789 Non
276 1754 459 1789 mansuris

171 1800 307 1837 Ornate
332 1802 438 1837 bonis

101 1851 145 1882 20
173 1847 305 1883 Omnia
330 1859 467 1893 precox

171 1895 335 1930 Fortuna
360 1896 429 1930 tibi

170 1941 284 1976 Dedit
310 1944 348 1978 et
372 1943 496 1988 rapuit

172 1987 389 2024 Solstitialis

99 2038 144 2068 24
168 2035 281 2070 Velut
306 2036 422 2071 herba
448 2037 542 2073 solet

196 2145 239 2176 10
264 2142 405 2177 uexilla
431 2143 604 2187 Luydun.

100 2187 262 2232 Scaliqer
289 2193 322 2232 1,
350 2193 393 2224 11

99 2238 134 2277 1,
161 2238 203 2269 11

636 56 923 98 -55-

696 172 739 202 14

693 231 736 261 36

692 699 734 730 10

692 817 733 847 12

690 876 733 907 27

693 935 738 965 40

694 993 738 1024 20

871 160 930 201 Et
964 161 1224 202 rhetoricam
1406 171 1449 201 41

871 218 1010 260 Floris
1044 219 1179 261 adulti

871 277 1010 332 Fruge
1043 282 1278 332 carentem,

812 346 856 377 35
872 335 930 377 Et
963 336 1193 378 conubium

868 394 1026 437 Nobile
1059 396 1216 436 soceris
1405 406 1449 437 45

871 452 971 495 Sine
1003 468 1107 507 pace
1138 454 1295 508 patris,

868 512 928 553 Et.
959 512 1134 554 diuitias

870 570 1103 625 Vtriusque
1137 571 1229 612 sine

810 640 854 672 40
868 629 1036 671 Herede
1072 630 1235 671 domus.
1406 641 1449 671 49

868 687 1121 730 Solstitialis
1406 699 1450 730 23

867 746 999 788 Velut
1029 747 1164 788 herba
1195 747 1306 789 solet

869 805 1124 848 Ostentatus
1404 815 1448 846 25

870 865 1122 919 Raptusque
1156 865 1300 919 simul,
1405 875 1449 906 26

812 934 856 964 45
872 923 1036 966 Pubere
1068 924 1114 965 in
1146 938 1252 965 aeuo
1407 933 1448 964 15

871 983 1112 1024 Deseruisti

873 1041 986 1083 Vota
1017 1043 1190 1082 tuorum
1200 1074 1210 1094 ‚

870 1099 971 1141 Non
1002 1100 1217 1141 mansuris

810 1214 986 1249 Conlatus
1013 1226 1093 1250 eras
1404 1218 1447 1249 35

812 1261 880 1296 Ille
906 1273 1061 1305 superne

811 1309 959 1344 Moenia
985 1319 1109 1343 romae

810 1355 927 1390 Fama
953 1356 991 1390 et
1015 1355 1156 1391 meritis
1405 1360 1449 1391 38

1208 1415 1272 1451 coz.
1298 1415 1352 1450 22>

810 1473 964 1509 Inclitus
991 1474 1093 1508 auxit
1403 1478 1447 1509 39

811 1520 942 1556 Grauis
967 1521 1131 1556 inuidiae
1402 1525 1448 1556 40

809 1568 858 1602 Et
883 1568 1081 1603 retoricam

809 1615 928 1649 Floris
955 1616 1075 1650 adulti

810 1661 931 1706 Fruge
958 1663 1144 1697 carentem

809 1709 858 1743 Et
883 1710 1040 1744 conubio

809 1756 956 1790 Nobilis
983 1756 1100 1791 oceris
1402 1759 1445 1791 45

809 1802 895 1837 Sine
920 1813 1011 1847 pace
1037 1804 1152 1848 patris

807 1849 856 1884 Et
881 1849 1032 1886 diuitias

807 1896 1008 1941 Vtriusque
1036 1898 1166 1933 domus

808 1943 893 1979 Sine
920 1944 1054 1979 herede
1080 1947 1144 1979 tuo

808 1989 926 2031 Quam
952 1991 1135 2036 fatiloque
1401 1994 1446 2025 50

805 2037 913 2072 Dicte
939 2039 1089 2083 profatu
1401 2041 1443 2072 51

729 2147 771 2177 13
803 2143 947 2189 petera]
980 2144 1154 2179 Pateram
1182 2144 1262 2179 Toll
1290 2143 1446 2178 Paterae

488 2194 529 2224 15
556 2189 697 2225 Pubere
724 2190 898 2234 Luydzm.

984 2195 1029 2226 44
1056 2190 1254 2226 conubium
1281 2190 1445 2234 Scaliyer

277 2239 322 2270 45
348 2236 473 2271 nobile
502 2237 700 2279 Pulmawn,
728 2237 862 2271 soceris
888 2238 1062 2284 Luydun.
1087 2241 1091 2280 Ι
1115 2238 1232 2274 soceri
1258 2238 1446 2272 Pulmarm

145 2285 189 2316 48
217 2282 407 2327 utriusque
434 2284 511 2319 sine
535 2286 539 2328 Ι
561 2283 697 2320 herede
724 2295 788 2319 suo
816 2283 977 2330 Scaliyer
1001 2289 1034 2327 1,
1061 2289 1107 2320 11
