1563 2511
516 94 564 99 -—
631 81 840 110 LXXXVIII
904 92 958 98 -

153 177 369 219 Iodocus
414 175 696 218 Ascensius
743 176 788 216 in
832 175 1075 217 adornanda
1115 176 1172 217 ed.
1212 175 1410 218 Parisino

66 252 103 280 a.
130 238 235 279 1511
261 235 563 290 Hieronymi
589 233 750 276 Alea-n
762 234 838 275 dri
864 234 1036 289 egregia
1063 248 1194 288 opera
1220 249 1320 276 usus
1347 236 1411 276 est

68 297 241 350 eiusque
263 294 462 350 discipuli
480 293 748 336 Michaelis
764 292 1103 348 Humelbergi
1118 291 1167 347 (s.
1185 291 1410 348 Homedei)

67 354 480 409 Rauenspurgensis.
527 355 652 408 atque
679 352 892 393 Aleauder
918 352 963 393 in
988 352 1169 393 Mosella
1193 351 1413 406 Rosisque,

70 413 182 469 quod
210 427 381 454 carmen
407 413 570 468 primus
593 411 842 453 Ausoniano
864 411 1032 465 corpori
1053 410 1215 465 intulit,
1243 413 1413 452 uetusto

69 473 213 515 codice
259 470 428 527 („quem
472 475 637 525 tamen,
679 470 715 511 si
761 469 996 523 scripturas
1042 469 1086 510 in
1131 469 1318 511 carmine
1363 469 1414 510 de

68 532 195 573 Rosis
240 530 496 585 inspexeris,
540 544 676 583 neque
717 529 780 569 ita
818 529 1042 582 antiquum
1079 542 1216 584 neque
1255 529 1415 570 bonum

70 591 203 632 fuisse
240 590 365 631 facile
405 587 672 643 intelleges“,
710 590 758 628 ut
790 588 851 628 ait
883 586 1069 628 Schenkl
1100 602 1139 640 p.
1170 586 1332 642 XXXI)
1366 601 1416 628 ex

66 649 332 692 bibliotheca
349 649 436 690 diui
452 648 639 689 Victoris
663 646 895 688 Parisiensi
915 661 1040 687 usum
1062 661 1105 687 se
1126 647 1353 700 profitetur
1372 646 1417 687 in

69 709 221 750 scediis
249 723 376 762 supra
402 723 441 762 p.
462 705 673 747 XXVIIII
699 706 1043 758 conmemoratis,
1069 707 1187 746 cuius
1213 706 1418 746 lectiones

71 768 113 809 in
147 767 328 809 Mosella
359 781 454 808 cum
483 764 712 807 SGallensi
744 764 855 805 libro
889 764 1120 805 concinunt
1152 762 1257 819 (qua
1290 764 1340 805 de
1372 777 1417 804 re

68 827 153 868 uid.
171 841 300 880 supra
317 841 355 879 p.
372 824 507 880 LIII).
540 826 727 865 ceterum
742 823 996 865 Ausoniana
1011 826 1211 876 poemata
1227 823 1419 877 priorum

74 886 288 927 editorum
316 884 465 925 ordine
493 883 658 924 abiecto
686 883 871 936 quinque
899 882 1161 923 sectionibus
1189 881 1418 936 discripsit.

72 945 259 998 repetita
297 946 362 984 est
398 943 504 983 haec
538 941 668 983 editio
702 941 883 983 Parisiis
914 942 1084 982 a.1513
1117 944 1286 982 et1517‘
1317 955 1419 994 pau-

71 1003 131 1045 cis
170 1005 341 1043 tantum
379 1001 576 1053 mutatis,
617 1000 846 1054 eademque
884 1000 929 1040 ni
967 999 1095 1041 fallor
1133 1002 1305 1053 praesto
1337 998 1422 1040 fuit

72 1061 333 1104 Richardo
356 1060 515 1102 Groco
536 1059 696 1114 Anglo,
719 1074 813 1100 cum
833 1059 1000 1113 Lipsiae
1020 1058 1259 1112 publicaret
1281 1059 1419 1099 Auso-

75 1122 193 1162 nium
226 1135 264 1162 α.
296 1121 414 1161 1515.

161 1179 403 1221 Florentiae
453 1180 626 1231 sumptu
676 1176 911 1231 Philippi
959 1176 1144 1217 Iuntae
1193 1177 1304 1217 1517
1353 1174 1420 1215 die

74 1238 155 1280 XX
181 1238 269 1279 Mai
296 1236 480 1279 Ausonii
513 1236 704 1278 carmina
737 1235 851 1277 edita
884 1235 978 1289 quis
1006 1235 1222 1276 curauerit
1248 1234 1420 1288 quibus-

75 1312 155 1352 que
195 1296 367 1339 auxiliis
400 1296 590 1348 adiutus‚
622 1309 710 1336 non
742 1295 942 1348 comperi.
1005 1308 1099 1335 cum
1132 1293 1292 1335 Aldina
1325 1307 1422 1334 con-

75 1371 224 1398 sensus
250 1371 336 1396 non
363 1358 440 1409 est,
473 1355 508 1396 si
534 1353 763 1395 Mosellam
791 1353 1019 1407 exceperis,
1046 1353 1098 1394 ad
1128 1367 1253 1407 quem
1280 1366 1421 1392 emen-

75 1415 261 1458 dandum
300 1415 344 1455 in
381 1417 562 1468 utraque
600 1413 707 1454 idem
746 1412 878 1453 codex
916 1413 985 1453 uel
1024 1412 1212 1453 eiusdem
1251 1411 1422 1465 codicis,

75 1475 147 1529 qui
174 1474 328 1515 similis
356 1475 449 1514 erat
474 1472 817 1525 Rhenaugiensis
839 1471 951 1524 libri,
977 1470 1228 1525 apographa
1248 1472 1422 1524 praesto

74 1534 208 1576 fuisse
248 1533 466 1585 uidentur,
504 1531 589 1572 nisi
628 1532 737 1572 forte
771 1530 986 1572 Auantius
1025 1531 1167 1583 ipsum
1199 1529 1421 1570 Iuntinum

75 1592 296 1646 exemplar
329 1591 537 1642 adhibuit,
569 1604 678 1644 quae
710 1593 856 1631 tamen
883 1588 1125 1631 Schenkelii
1157 1588 1302 1642 opinio
1336 1601 1422 1629 non

79 1653 234 1694 certior
266 1653 331 1691 est
363 1664 492 1704 quam
523 1653 682 1690 nostra.

164 1709 423 1751 Auantius
457 1708 570 1748 enim
603 1708 780 1748 tertium
813 1706 946 1748 edidit
977 1706 1219 1747 Ausonium
1251 1719 1288 1746 a.
1315 1708 1425 1746 1517

77 1784 222 1810 mense
255 1767 496 1810 Nouembri
536 1766 712 1809 Venctc’z's
749 1767 793 1807 in
826 1765 1001 1807 aedibus
1034 1766 1136 1806 Alclz'
1167 1769 1203 1806 ct
1234 1764 1426 1807 Andreae

76 1829 203 1870 soceri
240 1830 409 1868 retento
449 1825 619 1880 quidem
658 1825 804 1866 ordine
844 1839 911 1877 eo,
950 1838 1076 1878 quem
1116 1824 1208 1877 ipse
1242 1838 1275 1865 a.
1312 1823 1422 1863 1507

79 1887 347 1939 instituerat,
392 1885 465 1927 sed
510 1884 562 1925 ad
607 1884 825 1938 exemplar
862 1887 1008 1925 tamen
1045 1897 1130 1924 non
1168 1896 1310 1935 suum,
1352 1881 1424 1922 sed

81 1946 404 2001 Vgoletianum,
435 1945 497 1985 ita
528 1945 576 1984 ut
603 1957 767 1984 errores
795 1943 917 1984 annis
947 1942 1059 1984 1496
1086 1944 1129 1983 et
1157 1941 1267 1983 1507
1296 1940 1424 1982 casti-

80 2005 171 2059 gati
210 2005 255 2045 in
288 2004 447 2044 Aldina
485 2003 607 2056 quasi
640 2002 961 2056 repullularent.
1023 2001 1148 2042 nouis
1180 2003 1323 2041 tamen
1358 2013 1423 2040 co-

81 2064 244 2104 dicibus
267 2077 362 2104 eum
384 2077 509 2103 usum
530 2076 622 2102 esse
644 2075 693 2102 ex
709 2061 854 2101 multis
869 2059 1124 2102 lectionibus
1141 2058 1426 2112 cognoscitur,

83 2126 125 2175 et
158 2136 253 2163 cum
286 2122 329 2162 in
360 2120 559 2173 Mosella,
596 2120 708 2174 quod
741 2134 911 2161 carmen
942 2119 1116 2174 plenum
1150 2117 1338 2171 exhibet,
1372 2116 1425 2158 ab

83 2180 262 2236 Vgoleti
295 2182 413 2221 textu
445 2179 639 2220 recedere
673 2194 769 2220 eum
802 2178 1024 2219 uideamus
1056 2191 1134 2218 nec
1166 2179 1309 2217 tamen
1338 2189 1427 2217 am-

85 2240 215 2294 plecti
254 2238 567 2280 Ascensianum
614 2238 845 2292 exemplar,
890 2238 1009 2278 cuius
1048 2250 1222 2290 prorsus
1260 2234 1426 2276 nullam

82 2299 281 2341 notitiam
315 2297 518 2338 habuisse
546 2297 725 2350 uidetur,
759 2296 947 2338 codicem
976 2296 1103 2350 plane
1130 2294 1346 2335 diuersum
1373 2292 1426 2335 ab
