1563 2511
643 72 697 78 -
761 49 817 91 80
884 72 932 78 ,-

43 165 122 197 [240]
617 151 739 186 XXIII
776 151 960 186 PRIAMO

115 224 200 266 Hie
231 224 395 266 Priami
425 238 511 266 non
545 226 611 265 est
643 225 834 266 tumulus
866 239 944 266 nee
977 225 1135 267 condor
1166 225 1212 266 in
1242 225 1327 267 ista

175 283 299 326 Sede:
332 286 460 338 eaput
490 283 631 325 Danai
664 283 884 337 deripuere
917 299 1072 325 meum.

116 343 198 384 Ast
230 356 309 397 ego
343 357 438 384 eum
470 342 659 384 lacerum
691 343 782 383 sine
814 343 987 384 nomine
1019 342 1148 384 funus
1179 343 1403 397 haberem,

175 401 362 457 Confugi
395 401 447 443 ad
479 401 641 443 cineres
673 400 910 443 Hectoreos
942 402 1120 454 genitor.

116 460 211 503 Illic
243 463 287 502 et
318 463 444 502 natos
477 460 735 515 Troiamque
767 460 1003 515 Asiamque
1036 461 1247 515 sepultam
1443 471 1462 502 5

176 519 327 561 Inueni
360 522 402 561 et
432 521 630 562 nostrum
664 518 871 573 quidquid
907 520 1061 574 ubique
1094 520 1216 561 iacet.

45 649 118 680 [241]
537 634 676 669 XXIIII
714 634 832 670 ITEM
857 634 1045 670 PRIAMO

117 707 198 757 Qui
229 708 441 750 tumulum
473 708 635 750 Priami
667 709 851 762 quaerit,
883 708 1001 763 legat
1033 707 1234 750 Hectoris
1268 710 1378 750 ante.

175 767 252 808 Ille
284 782 424 818 meus,
455 770 557 809 nato
591 782 716 821 quem
748 767 868 821 prius
900 768 992 821 ipse
1026 767 1132 810 dedi.

605 860 740 882 xxnnA
765 847 974 895 (immoni)

114 908 314 951 Hectoris
348 911 391 950 et
421 909 588 963 patriae
621 908 750 950 simul
782 911 848 949 est
880 923 1104 950 commune
1138 910 1396 963 sepulcrum,

174 968 417 1010 Amborum
449 968 651 1023 quoniam
684 970 830 1009 iuncta
861 967 987 1009 ruina
1018 967 1112 1009 fuit.

44 1097 118 1130 [242]
606 1082 709 1118 XXV
746 1082 972 1118 HECVBAE

115 1157 231 1207 Quae
263 1157 414 1212 regina
445 1147 525 1211 fui,
558 1172 666 1211 quae
699 1157 815 1198 claro
848 1159 954 1198 nata
986 1156 1220 1211 Dymante‚

174 1216 291 1265 Quae
322 1216 485 1258 Priami
518 1216 720 1270 coniunxi,
752 1214 942 1257 Hectora
974 1230 1081 1270 quae
1113 1216 1259 1271 genui,

114 1275 197 1317 Hie
228 1275 408 1317 Hecuba
438 1275 606 1316 iniectis
637 1275 745 1329 perii
778 1274 1063 1329 superobruta
1096 1276 1221 1328 saxis,

175 1333 250 1376 Set
280 1335 399 1376 rabie
430 1334 605 1390 linguae
637 1349 704 1375 me
735 1336 882 1375 tamen
913 1334 1004 1375 ulta
1034 1334 1163 1388 prius.

114 1393 254 1435 Fidite
285 1408 338 1435 ne
369 1394 513 1448 regnis
547 1396 590 1434 et
620 1393 741 1448 prole
774 1395 817 1434 et
850 1393 983 1447 stirpe
1015 1397 1261 1447 parentum,
1442 1405 1461 1435 5

173 1452 437 1507 Quicumque
470 1453 553 1494 hoe
583 1455 779 1493 nostrum
813 1453 960 1494 (ΗΜΑ
994 1453 1169 1495 ΚΥΝΟΕ
1201 1452 1355 1505 legitis.

113 1545 261 1587 XXIIII,
289 1551 308 1580 2
334 1545 485 1581 Tzetzes
511 1545 618 1580 Hom.
646 1548 714 1579 489
741 1546 790 1589 (p.
815 1548 882 1579 577
909 1544 1034 1589 Rose.)

245 1591 397 1650 Έκτορι
423 1591 532 1627 τόνδε
560 1591 683 1636 τάφον
708 1593 880 1636 Πρίαμος
905 1591 1021 1637 μέγας
1047 1589 1279 1634 ἐξετέλεσσεν

302 1637 422 1685 ὄχθον
448 1638 543 1684 ὑπὲρ
569 1641 678 1685 γαίης
703 1637 817 1685 μνῆμ’
848 1637 1162 1684 ἐπιγιγνομένοις·

112 1698 225 1743 XXV,
253 1705 272 1735 6
300 1699 627 1745 Tzetz.Lycoph1.
655 1712 689 1734 u.
717 1703 785 1755 315
813 1698 950 1749 (Schol.
971 1698 1094 1755 Eurip.
1116 1698 1205 1733 Hec.
1232 1698 1279 1732 ad
1299 1710 1333 1733 v.
1357 1699 1461 1743 1255)

161 1747 225 1781 καὶ
247 1745 512 1802 Ἀσκληπιάδης
537 1747 623 1790 περὶ
649 1748 714 1781 τοῦ
741 1744 858 1781 τόπου
887 1747 930 1781 οὑ
958 1743 1130 1791 ἀνῃρεθη
1157 1742 1348 1790 (Εκάβη)·

386 1790 432 1829 Ὅ
457 1794 520 1828 καὶ
547 1792 661 1834 κυνὸς
685 1795 839 1829 καλοῦσι
865 1793 1053 1838 δυσμόρου
1080 1793 1189 1838 σῆμα.

207 1877 328 1911 XXIII
357 1882 374 1911 1
401 1877 529 1922 priami
561 1876 617 1921 Vl
641 1879 699 1911 sta
731 1876 777 1911 Vl
888 1880 908 1910 2
936 1876 1121 1921 diripueie
1156 1876 1189 1910 V
1211 1886 1301 1911 corr.
1335 1874 1460 1910 wake-

112 1925 196 1968 field
292 1929 312 1959 3
340 1925 487 1959 aberem
522 1924 567 1958 V¹
666 1928 685 1958 5
712 1926 821 1958 natus
852 1923 887 1957 V
908 1934 997 1958 corr.
1025 1923 1198 1969 Scale'yer)
1302 1926 1334 1957 5.
1361 1925 1381 1956 6
1408 1933 1461 1957 se-

113 1972 256 2017 pultam
283 1972 413 2006 Inueni
435 1972 440 2015 Ι
463 1973 500 2006 et
530 1971 565 2005 V
658 1975 677 2005 6
704 1971 821 2005 nostri
846 1971 1025 2006 Heinsius
1496 1970 1502 1975 '

207 2030 343 2064 XXIIII
394 2027 444 2065 η’
476 2030 510 2064 V
569 2029 746 2064 XXIIIIA
796 2030 1028 2065 coniunctum
1054 2040 1133 2064 cnm
1158 2030 1337 2073 superiori
1363 2030 1404 2064 in
1431 2028 1465 2063 V

112 2079 301 2122 separauit
326 2078 458 2122 Peiper
581 2082 598 2111 1
629 2077 822 2112 Haectoris
856 2077 912 2121 V!
935 2077 1052 2121 patris
1084 2076 1119 2111 V
1139 2088 1229 2112 corr.
1259 2076 1391 2121 Peiper

207 2136 310 2171 XXV
361 2142 377 2171 1
407 2137 570 2171 dimante
598 2136 633 2169 V
719 2140 738 2170 2
767 2135 900 2171 coniux
928 2136 973 2170 V¹
1065 2140 1086 2170 4
1112 2136 1208 2170 ulta:
1235 2145 1257 2169 a
1283 2136 1329 2171 αἶ.
1356 2145 1459 2171 rescr.

121 2184 155 2217 V
177 2185 213 2227 (a
238 2196 281 2220 ex
306 2197 323 2219 r
356 2184 414 2228 Vs)
529 2188 548 2218 5
575 2184 840 2228 stirparentum
872 2183 904 2218 V
927 2194 1017 2218 corr.
1044 2183 1216 2228 Luydun.
1334 2187 1354 2218 6
1382 2182 1459 2226 qui-

113 2242 269 2276 cumque
314 2232 382 2266 hoc
422 2232 588 2267 nostrum
626 2243 794 2265 pomxssm:
831 2232 869 2276 (ι’.
905 2232 1010 2266 inser.
1044 2242 1070 2266 c.
1106 2230 1311 2274 XXVII),
1349 2230 1459 2265 uerba

113 2290 318 2314 (mmmm-oc
344 2278 470 2323 legitis
497 2290 561 2314 om.
597 2278 643 2311 171
669 2289 713 2313 ss.
746 2277 793 2312 V²
