1563 2511
0 413 87 439 XVH

39 451 82 482 63

37 659 81 691 64

35 1071 78 1102 65

627 71 947 112 —369—

111 176 307 218 tenuiora
345 176 608 230 memorabo,
646 176 768 216 nulla
807 190 880 230 spe
914 176 966 216 ad
997 177 1170 230 plenum
1210 178 1457 233 exequendi,

112 235 186 276 sed
223 236 412 276 uniuersi
451 238 499 276 ut
538 234 795 289 intellegant
839 249 1003 288 eorum,
1048 250 1156 289 quae
1192 236 1307 277 inter
1338 271 1346 278 .
1373 269 1381 278 .
1412 270 1419 278 .
1447 269 1456 278 .

111 293 399 348 praedicanda
432 295 549 347 sunt,
582 308 606 334 a
638 307 704 334 me
738 293 994 347 poscendam
1027 308 1118 335 esse
1151 295 1369 349 notitiam,
1403 296 1455 337 ab

110 353 206 394 aliis
228 353 498 408 dignitatem.
536 366 613 393 nec
634 352 897 405 excellentia,
919 351 991 392 sed
1012 353 1226 394 cotidiana
1247 355 1455 396 tractabo.

200 411 344 453 XIIII.
385 410 564 452 Nullum
602 413 648 450 tu
680 424 882 464 umquam
922 410 1033 451 diem
1073 411 1125 452 ab
1168 412 1457 454 adulescentia

108 473 183 511 tua
226 471 311 512 nisi
356 470 533 510 adorato
579 469 646 510 dei
684 470 858 510 numine
901 471 942 509 et
980 483 1076 509 reus
1121 471 1212 511 uoti
1257 474 1299 511 et
1337 471 1454 512 illico

109 530 330 570 absolutus
361 529 505 583 egisti,
537 528 667 569 lautis
694 528 908 580 manibus,
940 529 1085 569 mente
1116 542 1235 581 pura,
1267 529 1454 571 inmacu-

107 588 227 629 labili
264 587 528 629 conscientia
567 589 624 641 et,
664 587 776 640 quod
815 586 859 627 in
890 586 1037 640 paucis
1070 589 1153 640 est,
1192 587 1454 642 cogitatione

108 647 285 688 sincera.
346 646 465 688 cuius
518 647 659 687 autem
703 660 907 699 umquam
952 658 1150 699 egressus
1196 646 1456 699 auspicatior

106 706 188 747 fuit
232 707 306 746 aut
348 705 536 746 incessus
583 704 818 745 modestior
859 706 932 745 aut
975 703 1182 745 habitudo
1223 704 1456 746 cohibitior

107 768 181 806 aut
217 763 443 805 familiaris
485 763 659 804 habitus
699 762 998 804 condecentior
1037 764 1109 804 aut
1148 763 1350 805 militaris
1391 778 1455 805 ac-

106 823 315 865 cinctior?
354 822 400 863 in
432 822 662 864 exercendo
697 836 875 875 corpore
909 821 1003 875 quis
1037 835 1209 862 cursum
1240 827 1329 863 tam
1362 837 1453 876 per-

105 882 257 923 niciter
300 881 528 923 incitauit‘?
581 882 673 935 quis
720 881 981 934 palaestram
1025 882 1111 920 tam
1154 880 1342 922 lubricus
1387 896 1454 922 ex-

105 940 298 996 pediuit‘?
339 941 433 994 quis
467 941 625 981 saltum
657 940 702 980 in
733 942 823 980 tam
862 939 1043 980 sublime
1082 939 1287 993 collegit?
1326 954 1452 982 nemo

106 999 330 1041 adductius
362 999 504 1040 iacula
531 999 759 1050 contorsit,
791 1012 917 1039 nemo
946 998 1111 1050 spicula
1137 998 1326 1039 crebrius
1352 998 1454 1040 iecit

107 1062 181 1100 aut
222 1059 380 1100 certius
421 1058 634 1099 destinata
678 1057 899 1110 percussit.
962 1056 1223 1097 mirabamur
1266 1060 1452 1111 poetam,

107 1118 178 1171 qui
222 1118 413 1158 infrenos
458 1117 624 1158 dixerat
660 1115 893 1168 Numidas,
938 1117 980 1156 et
1025 1115 1226 1169 alterum,
1272 1116 1345 1170 qui
1389 1116 1451 1157 ita

106 1177 356 1231 collegerat,
397 1178 444 1217 ut
483 1175 642 1216 diceret
680 1175 724 1216 in
765 1173 996 1228 equitando
1034 1174 1213 1215 uerbera
1252 1177 1293 1214 et
1331 1189 1450 1228 prae-

0 1238 230 1289 xvmcepta
263 1249 355 1276 esse
387 1234 516 1290 fugae
543 1237 585 1275 et
611 1236 838 1288 praecepta
872 1232 1060 1274 sistendi.
1112 1233 1338 1274 obscurum
1370 1233 1451 1275 hoc

34 1602 77 1633 66

105 1294 228 1335 nobis
268 1294 511 1348 legentibus
551 1295 658 1334 erat:
700 1292 991 1334 intelleximus
1029 1293 1071 1332 te
1103 1291 1317 1345 uidentes,
1355 1306 1450 1333 cum

104 1353 216 1394 idem
267 1367 412 1394 arcum
463 1351 706 1393 intenderes
758 1354 800 1392 et
848 1350 1040 1391 habenas
1084 1351 1327 1391 remitteres
1379 1354 1451 1391 aut

105 1426 262 1466 equum
295 1411 467 1466 segnius
507 1413 675 1452 euntem
713 1410 890 1451 uerbere
931 1409 1167 1451 concitares
1201 1409 1269 1450 uel
1303 1409 1450 1450 eodem

105 1472 280 1512 uerbere
321 1470 702 1524 intemperantiam
740 1469 993 1510 coherceres.
1058 1468 1130 1522 qui
1161 1470 1204 1508 te
1237 1468 1320 1509 uisi
1352 1471 1451 1509 sunt

103 1529 184 1571 hoc
206 1530 413 1579 docuisse,
439 1544 526 1570 non
545 1529 726 1570 faciunt:
752 1529 883 1568 immo
911 1527 983 1581 qui
1009 1526 1091 1567 uisi
1119 1529 1217 1567 sunt
1242 1526 1449 1581 docuisse,

104 1603 215 1630 nunc
249 1588 427 1629 discunt.
489 1588 532 1629 in
571 1587 677 1628 cibis
717 1589 859 1628 autem
899 1586 1015 1626 cuius
1053 1585 1284 1626 sacerdotis
1319 1586 1450 1627 absti-

104 1647 275 1689 nentior
301 1645 589 1688 caerimonia?
622 1646 667 1686 in
699 1647 799 1686 uino
827 1645 945 1686 cuius
981 1644 1093 1685 senis
1127 1659 1273 1685 mensa
1305 1644 1448 1699 fruga-

197 1779 265 1810 420
291 1775 429 1820 Vergil.
458 1775 488 1809 A
508 1774 577 1808 IIII
597 1777 639 1807 41
668 1771 852 1806 Numidae
878 1771 1023 1806 infieni.

197 1827 264 1856 421
292 1821 507 1857 Nemesiani
535 1821 670 1865 Cyneg.
698 1823 765 1855 268
795 1819 961 1854 Verbera
989 1820 1073 1853 sunt
1101 1822 1300 1863 praecepta
1325 1818 1448 1863 fugae,

103 1872 187 1905 sunt
212 1870 369 1904 uerbera
393 1869 499 1904 freni.

197 1980 266 2011 405
292 1975 507 2020 intelligant
526 1975 559 2008 Z
579 1976 583 2017 1
606 1974 702 2008 inter
719 1973 809 2007 TM
831 1972 930 2007 intus
946 1972 978 2006 G
1004 1971 1042 2006 in
1062 1973 1099 2006 te
1113 1980 1154 2016 ψ,
1180 1972 1206 2014 f.
1227 1971 1324 2005 inter
1343 1981 1447 2015 prae-

103 2024 212 2068 cipua
308 2027 374 2064 407
403 2021 620 2066 quotidiana
649 2021 681 2055 T
691 2020 724 2055 G

197 2070 302 2104 XIIII
336 2073 404 2104 408
430 2080 592 2113 unquam
624 2069 655 2102 T
678 2070 715 2112 (n
741 2079 784 2102 ex
809 2079 844 2101 m
865 2068 954 2111 pr),
981 2066 1014 2101 G
1048 2068 1052 2108 l
1092 2064 1345 2100 adolescentia
1370 2065 1404 2098 Z

101 2121 170 2152 410
196 2116 468 2162 inmaculabili]
496 2116 580 2150 MG
609 2116 658 2160 (in
686 2125 777 2149 mac.
799 2114 846 2158 G)
921 2118 988 2148 412
1016 2125 1178 2157 unquam
1209 2112 1281 2146 TG
1378 2116 1448 2146 414

101 2164 251 2199 habitus
283 2164 478 2199 familiaris
505 2163 554 2197 M
589 2165 592 2206 ξ
634 2162 822 2197 decentior
854 2161 903 2195 M
995 2165 1062 2195 416
1098 2160 1300 2204 palestram
1336 2159 1406 2193 TG
1440 2161 1442 2202 ,¹

104 2211 348 2255 expediuntur
375 2211 424 2244 M
503 2215 570 2244 417
598 2209 795 2255 collegitur
821 2209 869 2243 M
961 2212 1029 2243 418
1057 2208 1237 2242 abductus
1265 2206 1298 2240 G
1378 2210 1447 2239 420

102 2258 262 2293 infrenes
291 2260 339 2292 M
433 2261 501 2292 426
533 2256 875 2301 intemperantiam:
909 2255 947 2289 in
973 2266 1016 2290 ecc
1041 2254 1092 2288 im
1112 2265 1171 2298 pr.
1201 2253 1234 2288 T
1262 2256 1268 2297 Ι
1303 2264 1445 2287 coerce-

102 2317 158 2340 res
185 2306 218 2340 G
303 2309 370 2340 427
397 2305 482 2351 hoo]
511 2305 602 2339 haec
631 2305 705 2349 Ml
734 2304 815 2339 imo
836 2304 885 2338 M

173 2372 346 2397 Avsomvs.
1188 2363 1233 2393 24

1475 247 1526 274 405

1474 542 1527 567 410

1472 835 1525 860 415

1471 1129 1523 1156 420

1470 1425 1522 1451 425
