1563 2511
700 53 1018 96 —108—

188 158 375 214 Squama
407 160 485 201 sub
518 162 691 201 aeterno
726 161 956 214 conspectu
988 161 1103 200 torta
1133 157 1344 201 Draconis

186 218 373 260 Eminet.
428 218 541 260 hunc
573 219 686 260 infra
716 218 931 272 fulgentes
964 217 1126 259 Arcera
1158 220 1322 272 septem

186 276 347 331 Magna
378 277 516 331 quatit
549 278 715 319 sbellas:
750 291 877 331 quam
910 290 1085 318 seruans
1119 291 1237 318 serus
1269 277 1315 318 in
1347 277 1438 318 alta

188 333 396 377 conditur
429 336 576 377 oceani
608 336 704 390 ripa
737 350 831 377 cum
864 335 958 376 luce
992 335 1163 378 Bootes.
1489 345 1534 377 ‘20

117 463 239 489 XXVII
262 463 334 493 [373.
355 464 407 489 374
425 463 490 490 Ecl.
504 470 547 489 VI.

214 498 308 524 Anth.
317 499 370 524 lat.
379 499 430 525 643
438 499 486 530 R.]

453 544 534 579 HIC
559 544 746 580 VERSVS
773 543 882 579 SINE
910 543 1136 579 AVCTORE
1163 543 1265 579 EST.

294 592 391 634 QVO
418 592 498 626 DIE
528 591 643 634 QV1D
670 591 792 626 DEMI
818 591 882 625 DE
910 590 1133 626 CORPORE
1161 590 1428 627 OPORTEAT.

187 675 364 731 Vngues
397 675 626 730 Mercurio,
658 676 839 717 barbam
870 675 990 730 Ioue,
1023 674 1204 730 Cypride
1237 676 1386 717 crines.

566 801 663 837 HOC
692 801 761 837 SIC
787 801 1158 837 REFELLEN‘DVM.

189 886 423 928 Mercurius
456 886 583 928 furtis
616 887 773 940 probat
803 899 968 941 ungues
1002 901 1171 941 semper
1203 890 1351 929 acutos

248 946 541 1000 Articulisque
574 946 708 987 aciem
739 960 827 987 non
859 945 964 986 sinit
994 945 1205 987 imminui.

186 1002 331 1046 Barba
364 1004 478 1058 Ioui,
510 1005 648 1046 crines
680 1003 839 1046 Veneri
871 1004 1015 1046 decor:
1047 1017 1149 1059 ergo
1181 1019 1355 1046 necesse
1388 1008 1470 1060 est,

247 1062 308 1104 Vt
339 1064 481 1104 nolint
512 1063 644 1114 demi⁷
675 1077 759 1117 quo
793 1063 876 1104 sibi
907 1066 1087 1117 uterque
1119 1064 1302 1117 placent.

188 1120 362 1163 Mauors
395 1122 615 1164 imberbos
648 1124 691 1163 ei:
722 1122 868 1163 caluos
900 1121 1025 1163 Luna
1057 1122 1288 1164 adamasti:
1517 1133 1537 1164 5

247 1180 348 1222 Non
381 1181 612 1234 prohibent
645 1180 757 1222 comi
787 1183 880 1222 tum
914 1184 1044 1235 caput
1076 1183 1204 1236 atque
1236 1195 1379 1236 genas.

190 1237 262 1280 Sol
296 1242 338 1281 et
371 1239 582 1281 Saturnus
614 1239 678 1280 nil
711 1240 890 1281 obs‘cant
919 1240 1155 1294 unguibus:
1189 1254 1290 1295 ergo

247 1297 348 1339 Non
380 1298 588 1353 placitum
621 1298 731 1340 diuis
764 1299 868 1340 tolle
901 1299 1247 1340 monostichium.

283 1425 345 1448 uu.
372 1417 419 1448 17
426 1416 532 1450 —20
563 1414 676 1449 alieni
704 1415 880 1448 carminis
910 1414 1117 1458 fraymema
1141 1424 1212 1449 esse
1237 1418 1346 1449 antea
1375 1416 1537 1459 suspica-

189 1461 298 1495 batur
316 1460 477 1496 Schenkl.
531 1465 573 1496 17
595 1460 764 1506 aeterno]
790 1462 918 1496 arctoo
938 1461 1111 1506 Scaliyer,
1131 1461 1298 1496 aetherio
1318 1463 1376 1496 uel
1395 1462 1538 1497 alterno

187 1507 379 1549 Heinsius,
405 1509 430 1551 f.
448 1509 613 1543 extremo
689 1512 731 1543 18
752 1508 849 1543 infra
867 1508 1062 1543 Buecheler
1081 1508 1179 1543 inter
1200 1508 1232 1542 V
1254 1510 1407 1553 propter
1420 1509 1538 1552 Riese,

187 1555 213 1597 f.
235 1555 361 1589 subter
436 1559 478 1590 19
507 1555 636 1590 stellas
663 1555 696 1588 V
719 1566 809 1590 corr.
832 1554 965 1590 Canter
987 1555 991 1600 Ι
1015 1556 1162 1590 serbans
1196 1555 1229 1589 V
1299 1560 1344 1590 20
1371 1556 1539 1591 conditor

188 1612 219 1636 o.
246 1602 346 1646 ripas
374 1613 403 1636 c.
431 1603 453 1637 l.
482 1602 605 1637 bootis
640 1602 673 1636 V
695 1613 784 1637 corr.
810 1602 941 1637 Caute>-

126 1662 163 1695 V
286 1660 425 1695 XXVII
451 1660 538 1706 quo]
566 1671 711 1705 quoque
739 1660 901 1706 Scaliyer
926 1663 963 1702 2,
983 1664 1005 1695 3
1029 1662 1032 1706 Ι
1055 1661 1138 1696 iobe
1172 1662 1228 1706 Vl
1252 1660 1410 1707 crip1·ide
1444 1661 1491 1695 V¹

194 1711 210 1740 1
239 1706 330 1742 furti
363 1707 397 1741 V
419 1719 510 1742 corr.
531 1707 736 1743 Salmasius
808 1711 828 1742 3
854 1708 931 1743 iobi
964 1708 1021 1753 V!
1045 1707 1155 1743 crinis
1187 1708 1221 1742 V
1294 1713 1316 1742 4
1341 1708 1485 1744 nollent
1509 1707 1544 1743 V

192 1764 282 1789 corr.
314 1754 393 1789 Tolz
489 1759 509 1789 5
535 1755 701 1801 Mauors]
730 1765 836 1790 auors
862 1756 903 1789 in
926 1766 999 1790 ras.
1026 1756 1073 1790 αἶ.
1100 1767 1144 1790 m.
1176 1755 1211 1790 V
1235 1758 1238 1799 Ι
1272 1755 1458 1791 imueruos
1491 1755 1538 1790 V¹

191 1801 376 1836 imberbes
408 1800 456 1835 V2
553 1806 572 1837 6
599 1802 773 1846 proibent.
802 1801 864 1847 Vl
894 1802 1006 1837 comi:
1034 1806 1054 1836 ὂ
1080 1802 1145 1837 m.²
1178 1803 1224 1838 Vs
1251 1802 1255 1848 Ι
1287 1803 1407 1847 adque
1437 1802 1474 1837 V

191 1852 208 1882 7
235 1848 289 1882 nil
324 1849 357 1882 V
388 1848 393 1894 Ι
428 1848 588 1894 ungibus
620 1849 655 1883 V
746 1852 766 1883 8
792 1849 1081 1884 monosthicium
1112 1850 1147 1884 V
