1563 2511
598 81 916 123 —225—

78 187 223 242 trax-is,
263 186 435 241 adleg03
473 186 601 227 simul
640 186 867 240 admoneo,
904 189 969 237 ut,
1008 201 1103 229 cum
1143 202 1313 230 causam
1355 189 1427 230 ad-

78 248 231 287 uentus
273 245 361 286 eius
395 245 641 300 agnoueris,
678 245 799 286 iuues
833 244 1038 299 studium,
1077 246 1190 300 quod
1222 261 1273 288 ex
1305 250 1425 302 parte
1453 257 1495 290 55

77 304 238 347 fouisti.
300 304 408 346 uale.

6 431 54 456 m
74 430 196 464 [Symm.
211 427 267 462 Ep.
279 437 291 456 1
305 431 338 457 25
352 430 391 462 S.]
477 416 776 452 SYMMACHVS
804 417 1030 453 AVSONIO.

166 502 265 544 Etsi
313 503 563 556 plerumque
612 516 714 543 uera
765 504 830 543 est
875 504 979 555 aput
1022 506 1219 556 parentes
1264 504 1425 557 praedi-

79 561 191 602 catio
229 561 432 615 filiorum,
475 560 619 602 nescio
658 575 741 615 quo
779 563 924 602 tamen
962 563 1086 615 pacto
1126 561 1427 603 detrimentum

79 619 222 661 meriti
255 619 321 660 sui
352 619 555 674 patiatur,
589 619 688 660 dum
715 633 997 673 personarum
1025 623 1217 673 spectare
1244 621 1429 675 gratiam

79 678 306 721 iudicatur.
367 692 526 732 quaero
569 678 703 733 igitur
746 678 933 719 incertus
978 678 1128 731 animi,
1171 693 1278 733 quae
1323 678 1429 719 mihi

77 751 190 778 nunc
244 736 522 791 potissimum
579 750 705 790 super
754 737 848 778 uiro
904 737 1150 778 honorabili
1200 736 1427 779 Thalassio
1455 750 1475 780 5

80 809 236 850 genero
286 797 361 837 tuo
411 795 544 837 uerba
588 795 795 837 sumenda
839 795 937 837 sint.
1014 795 1050 836 si
1098 810 1226 849 parce
1277 796 1429 838 decora

78 868 247 895 morum
287 854 375 895 eius
413 854 650 909 adtingam,
684 853 838 895 liuenti
870 853 1023 895 similis
1057 854 1353 896 existimabor:
1395 855 1429 895 si

79 912 191 954 iuste
236 926 485 966 persequar,
531 927 602 954 ero
647 912 864 967 proximus
907 912 1158 955 blandienti.
1226 913 1430 955 imitabor

78 970 214 1025 igitur
237 969 489 1013 Sallustiani
509 971 748 1012 testimonii
769 971 1116 1024 castigationem:
1135 971 1268 1012 habes
1290 972 1430 1013 uirum

80 1029 260 1083 dignum
298 1031 341 1070 te
373 1032 416 1070 et
446 1044 523 1083 per
553 1032 596 1070 te
627 1029 795 1071 familia
827 1030 1060 1084 consulari,
1098 1044 1223 1084 quem
1254 1030 1430 1071 fortuna
1458 1041 1500 1072 10

79 1087 254 1130 honoris
287 1088 403 1142 parti
434 1089 641 1130 maiorem
672 1088 891 1130 beneficiis
926 1088 1011 1129 suis
1045 1089 1251 1143 repperit,
1290 1103 1428 1130 emen-

80 1146 197 1188 datio
231 1146 361 1188 animi
394 1149 436 1188 et
468 1147 675 1188 sanctitas
707 1147 946 1201 potioribus
980 1147 1067 1188 iam
1093 1147 1278 1201 parauit.
1322 1147 1430 1190 uale.

5 1251 192 1317 Πξρξῗξῌ]
282 1261 527 1297 Avsomvs
556 1261 674 1296 Axio
701 1261 859 1296 PAVLo
885 1261 1101 1297 RHETORI
1127 1262 1228 1297 sAL.

80 1345 271 1387 Tandem
304 1346 480 1387 eluctati
510 1346 747 1387 retinacula
780 1345 937 1387 blanda
968 1360 1185 1388 morarum

139 1404 405 1460 Burdigalae
437 1404 589 1446 molles
622 1404 824 1458 liquimus
857 1404 1094 1446 inlecebras

176 1500 196 1531 9
224 1495 392 1532 Sallustii
417 1496 495 1542 Iug.
523 1500 543 1531 9

175 1582 220 1613 54
241 1579 364 1624 allego
385 1578 488 1614 VPo
556 1581 600 1613 55
620 1578 816 1624 agnoberis
838 1578 886 1613 V1
909 1581 912 1621 Ι
935 1578 1039 1614 iubes
1060 1578 1108 1614 Vl
1170 1582 1213 1614 56
1232 1578 1360 1614 fobisti
1384 1579 1429 1613 V¹

172 1637 224 1671 III
251 1637 446 1673 Ausonius.
484 1635 578 1672 Axio
605 1649 766 1672 snucvs:
793 1649 956 1672 Ausomo.
990 1637 1025 1672 V
1070 1638 1185 1683 spnsio
1213 1637 1356 1672 ausonii
1381 1638 1428 1672 ad
1440 1638 1554 1677 1⁷1>ss

81 1684 346 1729 symmachum.
397 1683 638 1729 Symmachus
664 1684 827 1719 Ausonio
856 1685 893 1718 P
922 1695 987 1719 om.
1015 1696 1035 1718 σ
1134 1688 1150 1718 1
1192 1685 1297 1730 aput]
1332 1685 1367 1719 V

82 1735 102 1767 2
129 1731 220 1778 quo]
248 1743 277 1779 q)
300 1733 336 1776 (i.
366 1732 477 1776 quod)
507 1731 543 1764 P
620 1735 640 1765 3
666 1731 832 1775 patiatur
859 1731 921 1765 Ρσ
952 1731 1094 1776 patitur
1127 1731 1161 1765 V
1237 1735 1259 1766 4
1285 1732 1372 1766 mici
1404 1731 1437 1765 V

129 1782 149 1813 ὅ
173 1778 402 1825 [honorabili
434 1778 473 1822 (h
498 1779 589 1813 male
613 1788 680 1814 scr.
707 1782 790 1813 ante
815 1779 840 1812 h
866 1779 948 1821 del.)
982 1778 1017 1814 V
1041 1781 1045 1822 ἱ
1072 1777 1270 1824 thalassio]
1298 1779 1347 1813 M
1379 1780 1430 1812 ta-

81 1825 193 1861 lassio
227 1825 262 1862 V
284 1825 466 1861 thalassio
492 1825 553 1860 Ρσ
577 1825 761 1860 thaloesio
788 1824 977 1861 Auantius
1075 1830 1095 1861 6
1120 1825 1151 1860 si
1175 1826 1239 1871 pte
1268 1826 1303 1859 P
1330 1827 1334 1869 Ι
1369 1826 1431 1860 de-

82 1883 167 1907 cora
188 1886 212 1906 α
245 1873 416 1908 decorem
442 1884 462 1907 σ
560 1874 579 1906 7
606 1872 765 1918 morum]
794 1872 998 1908 amicorum
1022 1872 1059 1907 R
1081 1876 1085 1915 Ι
1109 1873 1317 1917 adtingam]
1345 1872 1404 1908 Vo-
1427 1873 1429 1901 ἒ

82 1918 215 1954 libenti
243 1919 292 1955 Vl
315 1923 318 1963 Ι
342 1919 584 1955 existimabor
603 1932 627 1953 α
655 1919 857 1955 estimabor
877 1932 897 1954 σ
994 1924 1014 1955 8
1041 1930 1242 1965 persequar
1263 1920 1322 1956 Va
1347 1931 1430 1964 pro-

82 1976 214 2010 sequar
241 1967 335 2002 PM
350 1968 356 2011 Ι
383 1966 561 2012 priximus
595 1966 653 2010 V}
678 1963 711 2000 (l
736 1966 956 2002 Inmittabor
984 1967 1020 2001 P
1115 1971 1134 2001 9
1162 1966 1370 2001 sallustiani
1403 1966 1437 2000 V

81 2013 275 2048 salustiani
303 2014 367 2048 Ρσ
388 2016 393 2058 1
415 2012 618 2049 testimonii
652 2013 708 2057 71
731 2014 818 2048 abes
852 2013 899 2048 71
998 2017 1041 2049 10
1074 2014 1112 2048 et
1143 2025 1208 2058 per
1239 2015 1278 2048 te
1303 2024 1369 2048 om.
1400 2013 1435 2046 P

132 2063 173 2094 12
200 2060 407 2105 potioribus
434 2061 587 2096 Iuratus
612 2060 814 2096 honoribus
834 2073 887 2096 ασ
911 2061 986 2096 iam
1013 2072 1078 2097 om.
1106 2060 1162 2104 71
1184 2060 1334 2105 parabit
1359 2060 1433 2094 VD

81 2107 187 2152 pauit
213 2108 250 2141 P
270 2110 274 2151 Ι
297 2107 460 2152 Explicit
485 2111 548 2153 epa
575 2108 789 2152 Symmachi
817 2107 854 2142 P

177 2165 247 2200 IIII
276 2166 390 2211 Incip'
416 2166 510 2202 liber
537 2167 718 2212 epl'arum
748 2167 780 2201 T
825 2166 937 2202 Liber
963 2165 1205 2210 epistolarum
1230 2164 1362 2209 incipit
1388 2164 1436 2198 M
1466 2165 1534 2197 ΓΖ

86 2212 243 2247 Ausonii
267 2213 394 2258 peonii
418 2214 552 2258 poetae
579 2213 813 2249 disertissimi
839 2214 1082 2258 epistolarum
1108 2213 1203 2247 liber
1226 2212 1259 2247 G
1307 2222 1372 2246 om.
1403 2211 1436 2244 V

85 2271 264 2295 Avsomvs
291 2272 385 2295 Ax1o.
412 2272 534 2295 PAvLo.
560 2273 696 2296 nmom.
724 2262 809 2294 SALss
837 2261 871 2295 V
916 2260 1100 2295 Ausonius
1126 2259 1242 2294 Paulo
1269 2258 1333 2292 sal·
1363 2259 1431 2301 (sa-

86 2305 203 2340 lutem
234 2306 268 2342 G-
293 2307 358 2340 sal⁷
385 2317 449 2342 om.
478 2307 537 2351 M)
565 2308 599 2341 Z
692 2311 713 2341 2
739 2308 917 2352 liquimus
951 2307 1008 2351 71
1030 2305 1251 2351 inlecebras]
1287 2305 1320 2338 V

149 2371 325 2398 Avsomvs.
1177 2367 1218 2399 15
