1563 2511
571 77 626 82 —
688 64 871 95 LXXVIII
936 76 986 81 -

103 162 182 195 127.
210 162 264 195 78.
292 162 346 193 23.
377 162 430 193 79.
459 162 514 193 80.
543 161 597 192 81.
626 161 680 193 86.
708 157 775 202 Ep.
805 157 853 191 Vi
878 156 925 202 (X
951 157 1046 200 399.)
1079 156 1220 201 Cupido
1246 159 1341 202 (324.
1370 159 1452 200 3-25)

102 205 248 241 Bissula
273 208 366 249 (330.
395 207 479 250 331>
505 204 620 240 Cento
647 205 868 249 (350—360)

100 266 214 307 s19¹¹=
253 265 417 309 Explicit
453 264 530 298 Affi'
565 264 568 310 Ι
611 264 716 311 Iadre
755 263 878 298 VIIII⁰
922 263 979 297 ΚΓ
1018 262 1180 306 Augusti
1214 266 1315 297 1445.
1371 261 1451 307 Ego

244 335 415 380 Baptista
456 335 571 370 dedus
616 334 780 370 Feltriefi
818 334 905 368 dum
944 318 1161 369 Cancelaims
1207 344 1337 368 essem.
1382 333 1451 368 Μ’.

245 382 405 427 Capitan
430 383 537 430 Iadre
564 381 801 427 transscripsi
827 387 839 413 τ

98 444 129 495 f.
161 447 215 486 10
247 447 374 485 totum
406 457 596 486 uacuum,

99 513 127 556 f.
154 516 333 548 ΖΓΚ-1111
359 513 407 547 al.
434 525 481 547 m.
509 512 657 556 alioque
678 513 887 547 atramento
913 511 1162 556 pulcherrime
1183 521 1252 546 scr.
1285 509 1453 554 „Decimi

242 560 371 604 Magni
407 559 562 594 Ausonii
600 559 747 604 Egloga
787 559 832 593 dc
877 557 1123 603 ambiguitate
1161 558 1239 605 uite
1279 556 1452 603 eligende

242 607 389 652 Incipit.
419 606 543 651 (Quod
562 606 640 654 uite
662 606 833 641 sectabor
857 605 930 641 iter
949 626 993 631 ——
1013 616 1087 640 non
1113 605 1216 640 nasci
1241 615 1320 640 sese
1341 614 1452 649 quam

242 656 350 689 natos
378 655 505 689 uiuere
532 655 686 688 mauult.
715 652 868 698 Finis)“.

189 716 216 757 f.
258 715 401 756 1—10
452 729 560 769 quae
606 714 797 756 fabricae
842 715 1012 769 signum
1059 713 1230 754 stellam
1275 712 1452 763 habent,

101 775 279 829 antiqua
317 789 448 815 manu
484 774 674 815 numeris
716 774 826 815 ‚171.
859 773 911 814 ad
944 773 1055 815 .180.
1086 772 1305 827 insignata
1338 773 1452 826 sunt,

99 834 126 874 f.
163 834 213 874 11
256 834 432 887 antiquo
472 847 650 874 numero
690 847 838 874 carens
878 832 1081 873 adhaeret
1118 831 1222 873 folio
1259 830 1450 884 praefixo

99 893 212 934 libra
244 892 433 947 signat03
470 897 693 946 praeterea
724 891 927 933 foliorum
960 893 1175 931 rectorum
1209 889 1352 943 capita
1383 889 1452 930 lit-

98 956 194 993 tera
213 955 255 992 F
276 951 406 992 rubra
433 954 586 992 ornata
613 954 725 1004 sunt,
752 964 973 992 mersorum
999 949 1159 990 litteris
1186 948 1282 1002 AV,
1313 948 1454 1002 prima

99 1013 144 1052 et
164 1010 319 1052 ultima
338 1010 501 1064 pagina
521 1010 745 1064 Baptistae
762 1009 873 1050 Dedi
893 1023 1023 1050 manu
1045 1008 1231 1062 scriptae
1251 1007 1313 1062 (Γ
1327 1009 1370 1048 et
1385 1006 1451 1061 9¹¹)

97 1069 250 1112 FAV.
296 1069 386 1110 siue
418 1069 500 1111 hoc
527 1069 617 1110 siue
645 1073 832 1124 cognato
859 1068 959 1110 huic
986 1067 1130 1109 codice
1156 1081 1258 1108 usus
1284 1066 1454 1108 uidetur

98 1128 344 1171 Accursius.

189 1187 314 1229 Alter
347 1187 729 1242 Guelpherbytanus
759 1189 825 1240 10,
851 1190 877 1228 9
908 1185 1202 1240 (Augustanus
1233 1183 1280 1239 4)
1319 1184 1453 1226 chart.

101 1263 132 1288 s.
165 1246 247 1289 XV
288 1261 348 1288 eX.
384 1247 427 1288 in
460 1246 588 1287 Italia
628 1246 812 1299 scriptus
851 1247 951 1299 post
981 1245 1193 1286 Italorum
1225 1245 1453 1297 poetarum

98 1306 218 1348 uaria
263 1306 453 1347 carmina
493 1321 517 1347 a
554 1305 582 1347 f.
621 1305 851 1346 36Υ-4611
900 1304 1030 1345 habet
1076 1308 1255 1354 „Ausonii
1293 1307 1454 1343 Theonii

99 1370 287 1413 (Theomii
311 1372 338 1407 t.
367 1369 558 1412 Schenkl.)
586 1382 630 1405 ex
656 1369 757 1405 omni
783 1380 893 1415 opere
924 1362 1214 1414 fragmentum“.
1276 1375 1452 1416 prorsus

99 1424 246 1466 eadem
292 1426 391 1465 sunt
436 1438 544 1479 quae
589 1422 810 1464 Gudianus
848 1422 938 1464 foll.
974 1422 1085 1463 1—9
1125 1421 1269 1462 habet.
1313 1425 1339 1467 f.
1366 1427 1454 1459 46¹1.-

99 1486 221 1523 .Finis.
265 1487 268 1533 Ι
310 1485 464 1522 Ausonii
501 1487 616 1534 Poete
653 1487 881 1531 Fragmenta
925 1484 1154 1529 expliciunt“
1217 1481 1454 1534 sequuntur

97 1542 296 1596 Priapeia
328 1541 356 1583 f.
388 1541 597 1595 47—581,
635 1541 815 1595 denique
848 1543 948 1595 post
978 1554 1114 1581 uacua
1148 1539 1315 1593 aliquot
1346 1538 1454 1580 folia

97 1602 142 1642 in
169 1601 323 1642 ultima
349 1601 508 1655 pagina
533 1601 739 1655 leguntur
764 1599 948 1642 Ausonii
977 1614 1040 1654 ep.
1062 1598 1117 1640 83
1145 1600 1188 1639 et
1215 1598 1270 1640 82
1292 1595 1453 1653 (‚‚Auso—

96 1663 201 1702 nius“
235 1663 277 1701 et
309 1663 459 1713 ,‚Idem“
492 1657 734 1714 inscripta),
768 1659 935 1713 alioque
963 1659 1205 1699 atramento
1233 1656 1453 1698 celerrime

98 1720 282 1774 scriptus
314 1719 383 1760 hic
415 1718 669 1760 uersiculus:

299 1788 444 1833 templa
469 1788 555 1822 deo:
582 1787 686 1831 leges
712 1787 878 1832 populis:
905 1786 1009 1821 dedit
1035 1785 1119 1821 ocia
1146 1784 1252 1821 ferro.

588 1833 714 1878 Θόραξ
741 1831 966 1880 apameam.

97 1896 231 1938 multo
276 1896 461 1937 deterior
506 1898 571 1937 est
617 1894 834 1949 Gudiano,
878 1909 929 1936 ex
973 1908 1022 1935 eo
1068 1895 1213 1934 autem
1256 1906 1340 1933 non
1386 1894 1453 1932 est

98 1955 353 2010 descriptus,
396 1957 573 2009 uterque
606 1955 738 2009 igitur
771 1968 821 1995 ex
853 1953 985 1995 tertio
1020 1952 1204 2007 quodam
1232 1950 1451 1992 deriuatus

98 2018 174 2068 est,
202 2015 274 2069 qui
302 2028 397 2055 cum
425 2013 567 2055 codice
591 2012 727 2068 Regio
755 2013 860 2054 item
879 2011 1031 2053 Iadrae
1060 2011 1218 2065 scripto
1241 2012 1451 2064 cognatus

99 2088 190 2116 esse
229 2071 465 2128 uideturfi‘)
527 2075 654 2127 atque
695 2072 879 2113 maxime
913 2070 1189 2113 memorabile
1222 2071 1305 2123 est,
1344 2082 1451 2123 quae

190 2201 224 2245 ³³³)
257 2202 304 2236 ab
338 2199 586 2243 mulcet-ione,
614 2211 708 2245 quae
742 2201 798 2235 est
831 2199 868 2234 in
900 2199 979 2233 cod.
1011 2198 1240 2240 Barberino,
1267 2196 1450 2232 conlectio

101 2251 126 2284 I
127 2250 294 2284 adrensis
315 2259 463 2293 prorsus
484 2250 539 2282 est
559 2248 717 2282 diuersa.
751 2247 788 2282 in
809 2245 1011 2281 Barberino
1032 2244 1171 2281 omissa
1192 2246 1277 2279 sunt
1298 2254 1392 2288 quae
1412 2243 1452 2278 in

98 2296 226 2332 alteris
246 2297 422 2341 leguntur
443 2306 498 2339 ep.
522 2299 575 2330 70.
601 2300 678 2331 120.
702 2298 757 2330 80.
780 2298 835 2329 81.
857 2298 914 2338 86,
940 2293 1006 2338 Ep.
1029 2292 1077 2328 ad
1097 2291 1267 2335 Paulum,
1289 2290 1449 2336 Cupido:
