1563 2511
627 25 910 66 -95ffl

97 130 355 172 Incumbunt
387 130 453 171 cui
485 132 653 182 cuncta,
687 130 814 170 simul
847 130 1006 170 deuexa
1039 134 1269 184 sequentur

99 188 251 231 Cetera
282 203 635 243 communemque
667 188 839 229 trahent
872 203 897 229 a
928 189 1088 230 uertice
1119 190 1300 243 lapsum.

96 246 196 289 Non
228 248 355 289 aliter
386 247 498 288 libra
530 250 607 288 est.
658 247 694 288 si
726 246 862 288 defuit
893 247 1036 300 uncia,
1066 250 1182 289 totus

97 306 197 349 Non
229 306 312 348 erit
344 321 388 347 as
422 320 660 360 nomenque
694 306 831 347 deunx
863 305 949 346 iam
982 320 1127 347 cassus
1160 307 1351 349 habebit.

95 365 186 407 Nec
219 366 399 407 dextans
432 358 587 406 retinet
618 379 774 406 nomen
806 367 1002 405 sextante
1033 369 1217 419 remoto,
1396 377 1440 408 20

96 424 154 465 Et
186 425 368 466 dodrans
403 424 637 478 quadrante
664 424 686 447 ²³⁶
708 426 827 465 satus
861 426 1032 465 auctore
1065 424 1228 465 carebit

97 483 387 537 Diuulsusque
418 482 552 523 triens
584 482 783 536 prohibet
813 483 1041 536 persistere
1073 482 1254 524 bessem.

94 542 187 584 Iam
221 542 434 597 quincunx
465 541 547 583 tibi
578 542 721 583 nullus
756 541 856 594 erit,
888 542 924 582 si
955 542 977 565 ³³*
998 556 1149 595 prama
1180 543 1374 585 reuellas.

96 601 154 643 Et
187 601 313 642 semis
347 601 415 642 cui
447 601 576 642 semis
610 601 691 641 erit
721 600 1001 655 pereuntibus
1036 601 1144 641 assis

95 659 325 701 Partibus?
358 662 401 700 et
433 660 549 700 cuius
581 660 717 700 librae
749 674 848 713 pars
883 660 1065 714 septima
1099 660 1309 713 septunx?
1396 671 1440 701 25

96 718 225 760 Libra
256 719 407 772 igitur,
439 722 581 760 totum
615 719 651 759 si
683 718 803 760 nulla
834 719 877 759 in
910 723 1033 773 parte
1065 719 1252 760 uacillet.

95 778 300 819 Ponderis
328 781 370 819 et
394 777 562 819 numeri
593 791 846 832 morumque
874 792 1135 832 operumque
1163 782 1206 819 et
1232 792 1441 832 aquarum

94 837 241 879 Libra:
273 851 350 878 nec
377 843 440 878 est
467 836 680 890 modulus,
713 851 839 891 quem
866 851 951 878 non
978 836 1058 878 hoc
1084 837 1256 878 nomine
1285 837 1440 892 signes.

97 896 299 949 Telluris,
332 895 471 937 medio
505 910 613 949 quae
645 895 802 949 pendet
833 896 876 936 in
908 910 1021 949 aere,
1053 896 1164 937 libra
1197 899 1261 938 est

95 954 154 995 Et
187 955 289 996 solis
320 955 530 1008 lunaeque
562 954 654 995 uias
689 969 764 996 sua
796 955 907 996 libra
939 954 1149 996 cohercet.
1396 965 1441 996 30

96 1012 228 1055 Libra
260 1013 316 1054 dii
349 1014 570 1068 somnique
602 1028 728 1067 pares
760 1013 1019 1054 determinat
1050 1014 1197 1067 horas,

98 1072 227 1114 Libra
260 1071 516 1114 Caledonios
550 1072 640 1113 sine
672 1072 799 1114 litore
833 1073 1023 1114 continet
1056 1075 1217 1114 aestus:

98 1131 162 1172 Tu
194 1146 361 1186 quoque
394 1134 510 1172 certa
541 1145 666 1172 mane
699 1145 865 1172 morum
898 1131 1005 1172 mihi
1036 1131 1147 1172 libra
1180 1146 1383 1173 meorum.

26 1250 104 1275 vm
125 1249 190 1280 [3⁴39
209 1249 321 1279 Rern]
383 1235 445 1269 DE
473 1234 690 1270 RATIONE
717 1234 976 1269 PVERPERH
1002 1234 1205 1270 MATVRI.

98 1296 270 1350 Omnia,
303 1310 409 1351 quae
442 1297 562 1338 uario
595 1310 738 1337 rerum
770 1296 973 1337 metimur
1004 1296 1049 1337 in
1081 1299 1196 1350 actu,

98 1357 328 1398 Astrorum
361 1355 604 1396 dominatus
638 1355 729 1410 agit
760 1358 1014 1409 terrenaque
1046 1358 1218 1397 tantum

96 1415 291 1456 Membra
321 1414 500 1455 homini.
550 1428 570 1455 e
604 1414 766 1468 superis
799 1414 972 1455 fortuna
1004 1417 1047 1455 et
1078 1415 1256 1469 spiritus
1289 1416 1403 1456 auris

100 1474 283 1527 septeno
317 1474 575 1515 moderanda
608 1473 755 1515 choro:
789 1477 854 1514 set
886 1473 1102 1527 praesidet
1134 1474 1230 1515 ollis

99 1532 287 1574 Sortitus
319 1533 510 1586 regimen
541 1532 700 1573 nitidae
735 1531 806 1574 Sol
839 1547 992 1573 aureus
1026 1533 1211 1574 aethrae.
1423 1544 1443 1574 5

97 1591 186 1633 Nec
219 1592 309 1633 sola
341 1592 384 1632 in
416 1591 541 1632 nobis
574 1591 820 1632 moderatur
851 1594 1050 1645 tempora
1081 1592 1216 1646 uitae,

98 1650 211 1692 Dum
243 1651 372 1691 breue
405 1650 580 1692 solliciti
615 1650 802 1704 spatium
834 1650 1109 1705 producimus
1142 1651 1255 1692 aeui:

194 1743 246 1778 Cf.
275 1742 493 1777 Censorinus
520 1743 565 1776 de
592 1743 626 1778 d.
653 1755 688 1777 n.
715 1746 747 1786 8,
767 1747 882 1777 2-12

196 1829 237 1860 16
263 1825 495 1860 imcumbunt
526 1825 561 1860 V
656 1829 697 1859 19
725 1824 847 1862 eritjas
873 1825 919 1860 αῖ.
948 1826 1045 1871 dist.)
1079 1826 1135 1871 Vl
1166 1826 1263 1860 dunx
1297 1826 1331 1860 V
1353 1837 1444 1861 corr.

98 1872 218 1918 ληρῶ.
249 1874 252 1915 l
283 1872 410 1907 abebit
442 1872 477 1906 V
558 1877 603 1907 20
630 1873 780 1907 destans
812 1873 848 1907 V
929 1877 972 1907 21
1001 1874 1102 1907 satus
1136 1874 1170 1908 V
1200 1884 1327 1908 carens
1355 1874 1444 1908 Gro-

98 1921 231 1954 Ἰηοηὶῑιε
316 1924 358 1953 22
392 1918 538 1965 proibet
570 1920 604 1953 V
692 1924 736 1954 23
769 1919 956 1964 quincunx
982 1921 1154 1965 Lussdzm.
1196 1921 1349 1964 quinqu
1381 1920 1442 1966 Vl

98 1977 227 2011 prama
258 1967 293 2001 V
326 1967 446 2012 prima
473 1966 646 2011 Luydum.
684 1968 710 2009 f.
737 1978 905 2011 gramma
940 1968 944 2012 1
978 1967 1136 2002 rebellas
1170 1968 1204 2002 V
1297 1972 1342 2002 24
1369 1968 1443 2013 cui]

100 2014 161 2057 qui
181 2013 337 2049 Hultseh
411 2018 454 2049 29
482 2025 565 2059 aere
599 2014 656 2058 Vl
686 2015 793 2049 labra
819 2015 865 2049 Vl
892 2016 928 2059 (a
954 2016 994 2049 in
1018 2027 1040 2048 Y
1066 2026 1155 2050 corr.
1183 2016 1245 2059 αῖ.)
1322 2019 1365 2050 30
1392 2015 1444 2048 lu-

99 2072 167 2107 nae
200 2061 234 2095 V
265 2062 268 2103 ἱ
305 2064 449 2096 coercet
482 2061 516 2096 V
549 2061 552 2106 l
594 2062 646 2096 In
677 2073 790 2106 mam.
818 2073 878 2096 uu.
905 2065 1066 2098 13—-26
1098 2063 1252 2107 antiqua
1283 2074 1326 2096 m.
1361 2063 1446 2096 haec

104 2109 196 2142 assis
221 2112 252 2143 et
272 2109 439 2152 partium
465 2109 541 2142 eius
565 2110 672 2153 sigma
698 2110 860 2144 addidit.-

214 2155 1321 2201 slSANlSAAAlslVNlAASAlAquIlflll

194 2213 280 2247 VIH
310 2218 329 2248 2
356 2216 528 2249 ten-aena
558 2214 603 2248 V1
678 2219 697 2249 3
724 2216 850 2250 mebra
883 2215 917 2250 V
987 2220 1008 2250 4
1035 2217 1189 2260 septena
1221 2215 1266 2249 V¹
1341 2218 1360 2249 6
1388 2214 1443 2248 sol
1487 2215 1524 2248 V

100 2259 138 2294 in
171 2260 205 2294 V
228 2271 318 2295 corr.
343 2261 374 2295 T
376 2263 422 2296 οΖΖ
522 2266 539 2296 7
568 2262 652 2307 aeui
684 2263 719 2297 V
