1563 2511
636 73 954 115 —256—

122 179 288 234 Quippe
320 178 400 220 tibi
433 181 639 234 aequatus
671 179 836 233 uideor,
869 180 969 234 quia
1001 181 1206 236 paruulus
1239 182 1323 224 isto
1425 193 1467 224 11

178 237 362 280 Nomine
393 238 652 280 honoratum
683 253 750 280 me
784 253 951 293 quoque
982 240 1203 295 nobilitat3

121 296 221 339 Non
255 300 374 338 aetas
407 297 509 351 quia
539 300 690 339 nostra
722 298 888 339 eadem:
919 313 1019 339 nam
1053 299 1251 353 subparis
1286 300 1380 341 aeui

180 354 282 397 Sum
314 356 394 398 tibi
427 370 506 412 ego
540 358 583 397 et
614 371 793 411 possum
825 356 972 398 fratris
1005 357 1161 399 habere
1193 358 1350 412 uicem3

119 413 211 456 Nec
242 417 413 456 tantum
445 415 605 456 nostris
639 416 824 469 spatium
858 415 1147 470 interponitur
1180 418 1320 470 annis,
1427 428 1468 458 15

180 473 353 523 Quanta
385 474 524 516 solent
555 474 662 515 alios
693 477 891 529 tempora
923 474 1122 516 diuidere.

120 531 224 574 Vidi
257 546 338 588 ego
369 533 534 574 natales
566 533 747 574 fratrum
782 533 942 574 distare
974 536 1042 574 tot
1074 534 1216 588 annis⁷

179 591 294 640 Quot
323 595 513 634 nostros:
547 606 699 633 aeuum
730 592 906 633 nomina
937 607 1021 634 non
1056 596 1246 635 onerant.

120 650 308 692 Pulchra
339 651 515 692 iuuenta
546 651 627 692 tibi
661 651 826 692 senium
859 650 919 692 sic
951 651 1108 706 iungit,
1141 654 1189 693 ut
1220 666 1390 707 aeuum,

180 708 303 758 Quod
327 710 446 764 prius
473 712 556 763 est,
589 711 778 751 maneat:
812 709 924 763 quod
952 710 1097 764 modo⁷
1123 714 1172 752 ut
1197 711 1389 766 incipiat.
1424 723 1468 755 20

119 768 178 810 Et
208 769 422 822 placuisse
454 782 552 809 reor
584 769 767 823 geminis
800 769 1034 823 aetatibus,
1071 772 1120 810 ut
1152 785 1196 811 se

178 826 279 868 Non
309 827 517 868 festinato
549 830 741 881 tempore
773 829 953 881 utraque
987 828 1126 883 daret,

119 885 294 927 Leniter
325 886 430 928 haec
461 886 630 940 flueret,
663 886 768 928 haec
800 901 887 928 non
919 891 1151 941 properata
1181 889 1367 943 ueniret,

177 944 393 986 Maturam
425 944 595 1000 frugem
626 945 731 986 flore
764 949 966 987 manente
997 946 1151 988 ferens.

119 1003 268 1045 Annos
301 1018 368 1045 me
400 1004 564 1045 nescire
597 1006 715 1058 tuos,
747 1007 871 1058 pater
904 1005 1084 1059 optime,
1117 1008 1254 1047 testor
1423 1018 1467 1049 25

178 1062 343 1117 Totque
376 1064 527 1117 putare
558 1065 675 1117 tuos,
709 1065 814 1118 quot
844 1078 941 1105 reor
973 1078 1065 1105 esse
1098 1079 1226 1106 meos.

120 1120 299 1163 Nesciat
331 1121 410 1163 hos
442 1124 587 1175 natus,
618 1124 817 1163 numeret
847 1124 1150 1188 properantior
1180 1124 1322 1177 heres,

179 1179 456 1222 Testamenta
489 1181 626 1236 magis
661 1195 788 1234 quam
821 1182 894 1235 pia
925 1184 1028 1223 uota
1059 1182 1208 1224 fouens

120 1239 414 1294 Exemploque
447 1239 603 1281 docens
634 1254 769 1293 prauo
802 1240 1074 1282 iuuenescere
1106 1244 1248 1295 natos,

178 1297 240 1338 Vt
271 1298 413 1340 nolint
445 1301 587 1352 patres
621 1313 665 1340 se
698 1313 865 1353 quoque
896 1299 1056 1341 habere
1090 1314 1226 1342 senes.
1423 1313 1466 1344 30

119 1356 279 1398 Verum
313 1371 392 1412 ego
425 1357 644 1411 primaeuo
679 1358 849 1412 genitus
882 1358 1077 1413 genitore
1110 1359 1277 1401 fatebor

179 1414 386 1470 Subparis
418 1416 525 1457 haec
557 1416 651 1458 aeui
683 1419 878 1471 tempora
912 1419 1038 1472 grata
1070 1418 1186 1459 mihi.

119 1474 266 1516 Debeo
300 1475 414 1529 quod
444 1477 590 1525 natus,
625 1476 775 1516 suadet
806 1476 877 1530 pia
910 1491 1010 1517 cura
1041 1477 1211 1531 nepotis

177 1533 432 1575 Addendum
465 1534 598 1588 patri,
631 1549 713 1588 quo
748 1549 1000 1576 ueneremur
1033 1550 1173 1577 auum.

121 1592 186 1633 Tu
217 1607 404 1647 quoque,
436 1593 495 1633 mi
528 1593 714 1648 genitor,
747 1594 965 1648 geminata
996 1595 1206 1636 uocabula
1238 1596 1388 1651 gaude,
1422 1607 1466 1638 35

178 1651 282 1692 Nati
314 1651 525 1706 primaeui
556 1652 727 1694 nomine
759 1652 898 1694 factus
932 1668 1051 1694 auus.

119 1711 353 1765 Exiguum,
388 1711 500 1765 quod
534 1725 656 1752 auus:
687 1710 863 1752 faueant
894 1712 965 1765 pia
997 1713 1176 1753 numina
1209 1713 1355 1755 diuum

215 1831 255 1860 11
283 1827 459 1870 parbulus
493 1826 538 1861 V¹
574 1828 578 1871 Ι
613 1827 684 1862 isto
715 1826 863 1862 Vinctus
889 1828 942 1862 ste
977 1828 1022 1861 V¹
1063 1828 1132 1864 iste
1165 1828 1212 1862 V2
1311 1833 1353 1864 13
1379 1829 1464 1865 Non

119 1875 221 1908 aetas
248 1874 378 1916 Peiper
404 1874 587 1921 Bon-aetas
621 1874 677 1916 VJ
701 1874 887 1919 subpatris
920 1874 954 1908 V
975 1886 1064 1910 corr.
1081 1877 1253 1920 Lusydun.
1330 1881 1373 1910 14
1399 1878 1464 1912 ha-

117 1921 204 1955 bere
230 1921 404 1965 Lugydmz.
432 1921 543 1955 abar-e
579 1921 611 1954 V
706 1925 749 1956 16
775 1924 959 1965 tempora:
987 1933 1008 1956 a
1034 1934 1077 1957 ex
1102 1934 1121 1957 e
1147 1927 1187 1958 ut
1212 1924 1288 1959 uid.
1316 1934 1390 1959 ras.
1418 1925 1465 1959 al.

125 1968 160 2002 V
230 1972 272 2002 17
300 1968 397 2011 quod
428 1967 463 2000 V
483 1979 573 2003 corr.
594 1968 767 2013 Luyclmz.
791 1971 796 2012 l
819 1969 1002 2004 honerant
1035 1970 1081 2002 V¹
1158 1974 1198 2005 19
1225 1971 1355 2015 pulcra
1388 1970 1423 2005 V

119 2018 161 2048 21
189 2014 385 2059 gemminis
413 2014 459 2048 V¹
534 2019 577 2049 22
604 2018 775 2060 utraque:
802 2017 878 2050 ictu
903 2027 1004 2051 eraso
1029 2028 1137 2062 super
1163 2029 1185 2051 a
1214 2018 1250 2052 V
1318 2021 1363 2052 25
1388 2029 1464 2053 me:

119 2073 138 2096 e
164 2063 206 2096 in
230 2073 301 2096 ras.
338 2062 394 2105 Vl
424 2062 563 2096 obtime
598 2063 631 2095 V
700 2067 744 2097 26
771 2063 869 2107 quod
903 2064 936 2097 V
959 2075 1049 2099 corr.
1076 2064 1250 2109 Luqdun.
1325 2069 1369 2099 27
1396 2065 1464 2101 hos

119 2109 346 2150 Gronouius,
372 2107 443 2143 hoc
470 2109 505 2143 V
524 2111 528 2153 Ι
550 2110 785 2155 properatior
811 2111 848 2153 (a
873 2121 915 2145 ex
939 2111 1002 2153 ῑῖῬ)
1032 2111 1088 2149 Vl
1111 2111 1212 2158 h<gres
1238 2111 1271 2145 V
1339 2116 1384 2147 28
1411 2113 1465 2146 fo-

117 2156 208 2190 bens
243 2156 274 2188 V
359 2159 404 2189 29
429 2155 667 2192 iubenescere
702 2157 748 2190 V¹
845 2161 890 2191 30
916 2158 1052 2192 nollint
1084 2158 1129 2192 Vl
1225 2162 1268 2193 31
1295 2159 1463 2203 primebo

126 2203 171 2236 V¹
270 2206 313 2237 32
340 2202 527 2247 subpatris
562 2204 594 2237 V
617 2215 706 2239 corr.
733 2204 905 2249 Luyczzm.
941 2206 945 2248 Ι
981 2205 1064 2240 aebi
1098 2205 1142 2239 V¹
1180 2210 1183 2249 Ι
1219 2204 1307 2240 mici
1340 2206 1373 2240 V

118 2254 162 2284 35
189 2251 315 2294 genite
347 2250 383 2284 V
404 2260 494 2286 corr.
521 2251 693 2296 Luydun.
723 2253 727 2295 Ι
758 2252 943 2286 boeabula
974 2253 1022 2286 Vl
1096 2257 1140 2287 37
1167 2254 1283 2288 abuus
1320 2253 1352 2287 V
1377 2255 1381 2297 Ι
1410 2253 1463 2288 fa-

118 2310 232 2344 beant
261 2308 306 2343 V¹
336 2309 341 2353 1
371 2314 497 2344 nomia
523 2311 558 2354 (0
585 2321 628 2345 ea:
654 2309 789 2354 corr.?)
816 2321 906 2346 corr.
933 2311 1107 2356 Luqdzm.
