1563 2511
608 74 931 116 -257—

155 178 299 232 Deque
331 180 486 232 nepote
519 192 595 219 suo
628 178 705 219 fiat
737 193 841 220 auus
873 194 1072 234 proauus.

94 236 274 292 Largius
308 239 350 277 et
381 239 586 290 poterunt
617 237 849 290 producere
882 238 973 279 fata
1006 242 1241 282 senectam:

156 295 230 336 Set
261 298 356 336 rata
388 297 490 336 uota
521 309 634 349 reor,
667 310 774 349 quae
806 296 1045 351 moderata,
1078 299 1229 353 magis,
1393 310 1437 342 40

24 436 82 460 XX
101 435 165 466 [391
179 435 235 466 Ep.
246 436 283 466 11]

94 481 255 516 PATER
303 482 367 515 AD
413 480 581 515 FILIVM
631 480 733 515 CVM
784 480 1094 516 TEMPORIBVS
1146 483 1439 519 TYRANNICIS

95 528 200 563 IPSE
235 527 475 563 TREVERIS
502 526 837 562 REMANSISSET
863 527 923 562 ET
948 528 1104 564 FILIVS
1131 530 1194 564 AD
1221 530 1441 565 PATRIAM

94 574 374 610 PROFECTVS
389 574 548 609 ESSET.
575 574 671 609 HOC
693 574 986 610 INCOHATVM
1001 575 1167 618 NEQVE
1187 576 1441 612 INPLETVM

391 621 460 656 SIC
486 621 550 655 DE
577 621 855 656 LITVRARIIS
883 621 1138 659 SCRIPTVM.

553 695 577 720 Ἀ(
755 697 778 721 *
958 697 980 721 >k

95 741 241 783 Debeo
274 744 317 782 et
347 741 459 782 hanc
490 740 665 792 nostris,
697 741 759 781 fili
793 741 1054 796 dulcissime,
1087 743 1198 784 curis

95 800 349 842 Historiam:
383 814 645 854 quamquam
676 799 804 841 titulo
837 814 925 841 non
956 801 1088 855 digna
1120 816 1268 843 sereno

95 859 236 900 Anxia
268 861 529 900 maestarum
559 857 691 900 fuerit
722 859 987 912 querimonia
1018 874 1172 901 rerum.

94 918 187 959 Iam
221 932 346 972 super
378 917 567 972 egelidae
601 917 851 971 stagnantia
882 920 1006 972 terga
1037 918 1242 960 Mosellae

96 977 342 1018 Protulerat
372 979 431 1027 te,
463 979 582 1030 nate,
614 976 719 1017 ratis
752 977 991 1031 maestique
1022 978 1212 1031 parentis
1420 989 1440 1019 5

97 1035 255 1077 Oscula
287 1038 330 1077 et
363 1035 584 1090 amplexus
618 1034 879 1076 discreuerat
910 1035 1080 1077 inuidus
1114 1037 1263 1078 amnis.

97 1094 220 1136 Solus
254 1108 333 1149 ego
365 1097 408 1135 et
440 1093 637 1148 quamuis
670 1096 795 1135 coetu
827 1094 1069 1136 celebratus
1102 1096 1238 1137 amico

96 1152 222 1195 Solus
256 1159 371 1194 eram
404 1152 696 1207 profugaeque
730 1152 885 1194 dabam
917 1153 990 1206 pia
1021 1156 1122 1195 uota
1154 1155 1322 1196 carinae

97 1211 221 1254 Solus
254 1212 392 1253 adhuc
423 1214 484 1265 te,
516 1214 635 1265 nate,
666 1211 834 1265 uidens3
869 1212 1103 1266 celerisque
1135 1214 1311 1255 remulci

97 1270 335 1325 Oulpabam
366 1285 571 1325 properos
605 1270 786 1312 aduerso
819 1270 992 1312 flumine
1025 1286 1184 1313 cursus.
1401 1283 1442 1314 10

98 1330 200 1379 Quis
232 1330 317 1371 fuit
347 1330 418 1370 ille
451 1329 571 1371 dies?
603 1343 689 1370 non
722 1343 857 1370 annus
890 1330 1060 1384 longior
1091 1330 1162 1371 ille
1196 1333 1280 1385 est,

96 1388 244 1430 Attica
276 1403 400 1443 quem
433 1388 549 1430 docti
581 1387 758 1443 collegit
788 1403 890 1430 cura
921 1388 1121 1431 Metonis,

97 1447 302 1489 Desertus
335 1447 480 1489 uacuis
515 1447 704 1502 solisque
737 1461 934 1489 exerceor
965 1449 1063 1489 oris.

97 1506 224 1548 Nunc
256 1520 336 1561 ego
369 1507 577 1560 pubentes
611 1506 791 1547 salicum
824 1506 1056 1548 deuerbero
1089 1506 1282 1561 frondes⁷

99 1566 351 1607 Gramineos
383 1579 496 1606 nunc
528 1565 682 1619 frango
714 1567 832 1606 toros
866 1565 1108 1619 uiridesque
1141 1579 1216 1619 per
1241 1566 1366 1607 uluas
1402 1577 1443 1607 15

97 1624 283 1666 Lubrica
315 1624 545 1665 substratis
577 1624 765 1678 uestigia
797 1624 907 1665 libro
940 1624 1113 1678 lapillis.

100 1683 168 1725 Sic
199 1684 271 1724 lux
303 1684 443 1737 prima
475 1682 599 1736 abiit,
633 1682 693 1724 sic
726 1683 860 1724 altera
892 1685 1006 1724 meta
1038 1683 1136 1736 diei,

194 1826 238 1858 38
264 1823 344 1857 fiat:
371 1822 385 1856 i
410 1832 453 1857 ex
479 1832 499 1856 e
524 1825 565 1856 ut
590 1821 666 1856 uid.
695 1821 729 1855 V

195 1881 262 1916 XX
297 1881 420 1927 pater]
445 1893 573 1915 INCIPIT
600 1892 711 1915 PATER
739 1881 743 1926 Ι
779 1881 877 1926 cum]
905 1892 1018 1924 quum
1050 1880 1084 1915 V
1115 1882 1119 1925 Ι
1153 1880 1345 1915 tiranniois
1378 1881 1413 1915 V
1438 1882 1442 1926 ξ
1488 1881 1521 1916 Τ

99 1940 255 1975 treberis
288 1940 335 1975 Vl
364 1941 368 1984 Ι
402 1930 616 1975 remasisset
646 1939 680 1974 V
705 1941 710 1984 Ι
745 1940 792 1974 ad.
818 1939 979 1995 patriam
1008 1940 1140 1984 Peiper
1165 1939 1212 1974 ad
1238 1941 1383 1984 patiem
1418 1940 1451 1973 V

101 2010 123 2033 a
148 2001 254 2044 patre
281 1998 443 2045 Scaliyer
468 2001 573 2042 2,13
602 1999 607 2044 Ι
641 1989 845 2044 mlincoatu
872 2000 998 2044 (ncoat
1021 1999 1063 2033 in
1087 1999 1175 2041 ras.)
1210 1998 1244 2032 V
1270 1998 1274 2042 Ι
1305 1998 1448 2033 litteia-

101 2046 164 2080 riis
186 2046 220 2081 V
242 2057 332 2081 corr.
347 2046 530 2092 Scalimm
555 2046 798 2090 fraymentum
817 2057 887 2081 esse
906 2047 1080 2090 epzstulae
1104 2046 1202 2081 π1ά1ύ
1220 2045 1400 2080 Blamwles

102 2098 122 2128 3
149 2093 276 2128 ancsia
302 2093 337 2128 V
360 2094 395 2137 (x
420 2104 464 2128 ex
490 2098 532 2128 c?
558 2104 693 2129 rasura
717 2104 825 2139 super
852 2105 873 2128 a
899 2095 960 2128 alt.
970 2093 990 2127 ,9
1015 2092 1064 2137 V)
1089 2094 1093 2136 Ι
1121 2092 1362 2138 maestarum]
1390 2103 1448 2127 me

101 2143 162 2206 ⁵132}
190 2165 261 2208 (me
288 2175 331 2198 ex
356 2174 446 2199 corr.
474 2165 520 2199 αἳ.
545 2175 614 2208 pro
641 2166 696 2199 est
720 2167 761 2199 ut
785 2163 938 2208 πίων
1032 2168 1050 2198 5
1077 2164 1174 2198 rates
1203 2162 1237 2197 V
1329 2166 1349 2197 6
1376 2162 1448 2196 dis-

102 2211 271 2246 creberat
301 2211 347 2245 Vl
446 2216 464 2246 7
492 2213 575 2246 cetu
608 2211 643 2246 V
737 2215 757 2245 9
784 2212 877 2246 aduc
903 2211 938 2244 V
1033 2214 1074 2244 12
1101 2209 1268 2245 medonis
1302 2209 1336 2244 V
1357 2219 1446 2243 corr.

103 2258 273 2293 Pithoeus
371 2261 413 2293 13
441 2270 510 2305 que
544 2259 577 2292 V
602 2260 607 2302 1
643 2259 715 2293 oris
746 2259 918 2294 Pithoeus
944 2257 1017 2292 aris
1051 2258 1084 2291 V
1180 2261 1222 2290 14
1249 2256 1448 2291 deberbero

108 2304 154 2338 V¹
242 2308 284 2340 15
310 2305 439 2340 uiridis
473 2307 507 2340 V
591 2310 633 2341 17
660 2307 760 2352 meta
793 2306 826 2340 V

175 2370 347 2396 Avsomvs.
1193 2366 1208 2395 1
1217 2366 1234 2396 7
