1563 2511
0 572 99 596 ..XVII
104 572 119 596 1

66 610 86 639 4
91 610 110 639 2

67 1054 111 1085 43

0 1574 18 1597 x
29 1574 118 1598 vim

67 1612 112 1641 47¹t

653 53 969 95 --364ψ

136 160 345 202 sermonis
379 159 540 214 exigui⁷
577 166 624 201 ut
657 174 786 213 supra
819 159 978 201 (lictum
1011 161 1094 212 est,
1134 159 1362 200 succumbo
1396 175 1481 201 ma-

135 219 289 282 teriae,
321 233 459 273 neque
486 193 625 260 adhuc
651 219 726 259 illa
751 219 1001 285 peistrinxi,
1035 232 1143 272 quae
1169 233 1221 259 ne
1248 218 1481 260 infantissi-

136 272 230 319 inus
276 277 463 332 quidem,
507 277 591 318 nisi
629 277 742 318 idem
786 277 1087 332 impiissimus,
1135 276 1367 318 eminentia
1410 292 1484 332 per
1504 290 1554 316 ‘70

136 336 297 378 famam
330 339 372 377 et
404 336 596 378 omnium
635 336 800 391 gaudiis
839 339 1000 377 testata
1039 336 1340 390 supprimeret3
1378 351 1485 391 quae

138 410 267 450 supra
299 396 411 436 uires
445 395 612 436 dicendi
638 410 754 436 meas
782 395 926 448 posita
953 397 1128 436 cunctor
1155 395 1378 450 attingere,
1411 398 1486 436 aut

137 454 297 509 ingrati
342 454 518 495 crimine
563 454 806 509 arguendus
851 456 926 495 aut
963 453 1180 495 temerarii
1219 454 1485 507 professione

138 513 392 567 culpandus:
425 516 589 568 tamen,
623 513 805 554 alterum
833 527 927 554 cum
956 512 1222 554 subeundum
1256 513 1328 563 sit,
1361 513 1486 554 auda-

139 572 248 613 ciam
270 587 397 626 quam
419 572 766 613 maleuolentiam
785 572 897 613 malo
918 572 1183 625 reprehendi.
1216 574 1275 624 tu,
1291 573 1485 626 Auguste
1506 584 1537 608 ετ

139 631 417 684 uenerabilis,
450 631 668 672 districtus
696 631 883 671 maximo
909 630 1046 682 bello,
1073 630 1392 672 adsultantibus
1419 634 1486 672 tot

138 690 313 731 milibus
358 690 658 741 barbarorum,
710 692 815 743 quot
859 689 1045 730 Danuuii
1091 703 1167 730 ora
1211 689 1485 743 praetexitur,

138 749 312 790 comitia
345 749 595 790 consulatus
628 748 711 789 mei
744 750 935 789 armatus
969 762 1149 789 exerces
1205 748 1370 789 tributa
1402 749 1484 789 ista

138 808 251 862 quod
289 808 332 848 in
371 807 475 848 urbe
509 806 665 848 Sirmio
705 809 931 861 geruntur,
971 822 1042 860 an,
1085 810 1132 847 ut
1171 807 1282 861 quod
1314 808 1357 848 in
1390 822 1486 862 pro-

138 867 300 920 cinctu,
333 866 573 907 centuriata
605 865 828 907 dicentur?
862 881 915 907 an
946 868 994 907 ut
1023 866 1237 920 quondam
1263 867 1484 920 pontifica-

138 925 196 966 lia
228 925 518 977 uocabuntur,
557 924 649 966 sine
682 925 863 966 arbitrio
897 925 1182 965 multitudinis
1216 926 1484 967 sacerdotum

139 986 326 1025 tractata
365 984 578 1039 collegio?
625 984 685 1025 sic
724 984 884 1038 potius,
930 985 989 1025 sic
1029 986 1252 1037 uocentur‚
1295 998 1403 1038 quae
1440 988 1487 1026 tu

138 1043 332 1097 pontifex
366 1044 576 1084 maximus
610 1043 688 1083 deo
722 1043 1005 1097 participatus
1037 1042 1241 1084 habuisti.
1302 1057 1391 1084 non
1423 1048 1488 1084 est

137 1101 301 1157 ingenii
351 1103 453 1153 mei,
504 1102 696 1156 piissime
747 1103 999 1156 imperator,
1049 1102 1157 1142 talia
1208 1102 1488 1144 comminisci.

137 1161 269 1202 uerba
301 1164 401 1202 sunt
432 1161 678 1202 litterarum
706 1163 895 1202 tuarum:
929 1161 1084 1215 quibus
1112 1160 1224 1214 apud
1250 1175 1316 1202 me
1343 1164 1485 1203 aucto·
1507 1173 1557 1197 Μ

137 1220 311 1261 ritatem
345 1220 501 1261 summi
533 1220 719 1260 numinis
754 1223 795 1261 et
827 1222 927 1261 tuae
961 1220 1196 1261 uoluntatis
1234 1220 1485 1274 amplificas.

139 1279 199 1320 sic
244 1279 356 1320 enim
402 1279 607 1333 loqueris:
653 1290 746 1320 CVM
791 1291 852 1320 DE
899 1290 1182 1321 CONSVLIBVS
1230 1291 1279 1320 IN
1324 1291 1487 1319 ANNVM

139 1349 366 1379 CREANDIS
413 1349 553 1379 SOLvs
594 1349 757 1379 MECVM
800 1350 1106 1391 VOLVTAREM‚
1152 1350 1209 1378 VT
1250 1349 1313 1378 ME
1351 1349 1486 1379 NOST1

138 1409 293 1447 ATQVE
332 1409 391 1438 VT
432 1408 611 1437 FACERE
650 1408 793 1438 DEBVI
832 1409 891 1437 ET
924 1409 1073 1437 VELLE
1108 1409 1165 1437 TE
1200 1408 1335 1450 SCIVI,
1380 1408 1488 1439 CON—

139 1467 298 1497 leIVM
336 1467 467 1496 MEVM
505 1468 568 1496 AD
608 1467 739 1496 DEVM
777 1467 961 1497 RETVLI.
1025 1468 1126 1497 Elvs
1171 1467 1486 1497 AVCTORITATl

141 1526 403 1556 OBSECVTVS
451 1526 508 1555 TE
551 1525 797 1556 CONSVLEM
836 1526 1090 1556 DESIGNAVI
1129 1527 1185 1555 ET
1223 1526 1487 1556 DECLARAVT

138 1586 198 1614 ET
219 1585 422 1616 PRIOREM
443 1585 721 1615 NVNCVPAVI.
773 1575 889 1615 cuius
917 1573 1125 1615 orationis
1147 1573 1250 1615 ordo
1278 1574 1486 1615 lucidior?

139 1647 246 1687 quae
280 1633 475 1674 doctrina
506 1635 597 1673 tam
624 1632 807 1688 diligens
834 1633 1019 1687 propriis
1047 1633 1317 1674 comitiorum
1344 1633 1486 1674 uerbis

138 1692 258 1746 loqui
295 1706 372 1733 nec
410 1691 631 1733 uocabulis
671 1692 802 1732 moris
842 1693 1007 1746 antiqui
1047 1692 1224 1732 nomina
1261 1692 1488 1746 peregrina

138 1751 347 1792 miscere?
391 1751 533 1791 ualete
572 1750 717 1803 modo,
763 1751 920 1792 classes
959 1751 1107 1805 populi
1148 1753 1190 1791 et
1228 1751 1485 1792 urbanarum

233 1870 300 1900 268
328 1866 531 1901 subcumbo
558 1866 644 1901 MG
726 1870 796 1901 270
821 1865 1054 1911 impiissimis
1082 1866 1115 1901 G
1211 1869 1277 1900 271
1307 1866 1485 1910 suprime-

136 1915 193 1948 ret
219 1914 267 1948 M
359 1917 426 1947 272
454 1914 605 1948 conctor
635 1914 667 1948 G
764 1917 831 1947 273
859 1913 1001 1948 camine
1031 1915 1078 1947 M
1107 1917 1110 1957 Ι
1145 1913 1362 1948 themerarii
1388 1913 1436 1948 Μ

137 1965 205 1995 275
232 1959 527 1995 maliuolentiam
557 1960 644 1994 MG
741 1965 809 1994 276
837 1959 1026 1995 districtus
1052 1968 1082 2003 ψ
1122 1960 1319 1995 destrictus
1347 1960 1381 1993 Z
1411 1960 1485 2003 (de-

136 2008 268 2042 trictus
295 2008 355 2050 M)
384 2009 389 2051 Ι
429 2007 721 2053 adsultantibus]
751 2008 798 2041 M
893 2012 960 2042 277
988 2008 1151 2043 millibus
1180 2007 1268 2041 'flu‘
1296 2007 1298 2051 l
1340 2009 1429 2051 quot
1456 2007 1488 2040 Τ

138 2055 271 2098 quibus
298 2054 383 2089 MG
422 2056 427 2099 1
469 2054 621 2088 danubii
651 2055 724 2089 ΤΘ
820 2058 887 2089 279
916 2055 1052 2099 syrmio
1081 2055 1171 2089 ΜΘ
1212 2054 1216 2099 l
1262 2056 1304 2088 ut
1329 2054 1428 2098 quod
1454 2055 1488 2088 Z

136 2105 179 2137 ut
203 2103 268 2137 del.
287 2102 408 2136 Paris.
430 2102 625 2136 Acz‘dalz'us
648 2104 651 2144 1
674 2102 846 2146 procintu
867 2102 916 2135 Μ
943 2102 1155 2146 praecinctu
1180 2102 1254 2136 TG
1326 2105 1392 2136 281
1421 2112 1484 2135 uo—

137 2152 242 2184 cetur
269 2149 359 2183 MG
444 2152 511 2183 283
538 2149 639 2192 pont.
668 2160 760 2184 max.
790 2149 822 2182 T
902 2152 971 2183 ‘284
999 2150 1096 2194 .imp.
1125 2150 1157 2183 G
1239 2152 1305 2183 285
1333 2148 1482 2194 quibus]

138 2208 160 2241 q
190 2197 222 2230 T
317 2200 385 2230 286
419 2197 456 2230 et
487 2196 590 2241 tuae]
625 2196 662 2230 et
693 2198 735 2230 ut
766 2197 851 2230 tuae
881 2196 915 2229 G
953 2197 989 2230 et
1020 2195 1097 2230 uim
1124 2197 1210 2230 tuae
1240 2196 1319 2230 Tolz
1415 2198 1484 2229 288

138 2243 304 2278 creandis
330 2254 395 2278 om.
420 2242 452 2276 T
522 2246 591 2277 289
618 2244 729 2286 atque
757 2244 790 2277 Z
814 2244 879 2277 del.
904 2243 982 2278 Tolc
1005 2246 1008 2287 l
1032 2244 1089 2289 ut]
1116 2245 1180 2278 aut
1206 2243 1238 2277 G
1268 2244 1271 2288 Ι
1301 2243 1354 2289 et]
1382 2243 1423 2277 ut
1451 2241 1484 2276 G

185 2295 254 2326 290
280 2291 406 2335 deum]
436 2290 624 2324 dominum
654 2290 685 2324 T

1507 878 1557 903 280

1508 1468 1559 1493 290

1507 1761 1557 1788 295
