1563 2511
618 52 935 92 —339—

36 194 152 220 LXXII
174 193 283 273 [LxSJE
310 236 480 270 EADEM
508 234 700 270 BVCVLA
725 234 814 269 IAM
839 234 1070 271 HABENTE
1100 236 1342 272 SPIRITVM.

107 323 244 363 Aerea
276 321 354 361 bos
387 322 610 373 steteram3
642 320 830 360 mactata
863 321 928 361 est
960 335 1091 361 uacca
1122 320 1363 377 Mineruae3

167 379 247 422 Sed
281 379 358 420 dea
389 378 617 433 proflatam
650 377 877 418 transtulit
908 377 990 419 huc
1025 380 1220 421 animam.

107 439 167 481 Et
200 438 325 479 modo
359 451 450 478 sum
484 436 657 490 duplex:
690 450 791 490 pars
825 450 968 490 aerea,
998 451 1098 490 pars
1132 439 1332 479 animata.

166 496 285 538 Haec
318 510 468 536 manus
502 494 677 535 artificis
710 494 882 549 dicitur,
914 495 991 536 illa
1023 495 1136 537 deae.

38 672 176 697 LXXIII
195 672 297 702 [vax]
383 656 448 691 AD
475 656 680 691 TAVRVM
706 656 768 691 DE
795 655 966 691 EADEM
992 656 1194 691 BVCVLA.

109 742 218 791 Quid
250 756 335 795 me,
367 744 509 795 taure,
541 755 666 794 paras
701 740 840 795 speeie
874 740 1074 794 deceptus
1108 740 1242 782 inire?

166 800 267 842 Non
299 815 392 841 sum
426 814 505 855 ego
537 799 710 841 Minoae
743 799 943 840 machina
976 799 1225 853 Pasiphaae.

38 964 321 994 Lxxnuuxvn]
419 949 483 984 DE
509 949 678 984 EADEM
704 948 923 984 MYRONIS
950 948 1154 985 BVCVLA.

108 1033 302 1076 Necdum
335 1034 492 1075 caduco
528 1034 634 1087 sole,
666 1034 751 1074 iam
786 1033 864 1074 sub
898 1047 1092 1087 uespere,

110 1094 274 1148 Ageret
306 1093 506 1134 iuuencas
540 1107 634 1133 cum
668 1092 839 1133 domum
872 1094 1019 1145 pastor
1053 1106 1170 1145 suas,

113 1151 243 1194 Suam
274 1152 520 1205 relinquens
553 1166 619 1191 me
652 1151 858 1191 monebat
888 1153 937 1191 ut
969 1164 1102 1191 suam.

38 1315 151 1342 LXXV
172 1314 299 1347 [vam]
416 1301 478 1335 DE
504 1300 674 1335 EADEM
700 1299 919 1335 MYRONIS
945 1299 1149 1335 BVCVLA.

110 1385 251 1428 Vnam
283 1385 508 1427 iuueneam
540 1388 689 1440 pastor
720 1385 830 1426 forte
866 1385 1087 1435 amiserat,

168 1443 488 1499 Numerumque
521 1444 661 1485 iussus
693 1443 870 1485 reddere

109 1502 178 1545 Me
211 1502 396 1544 defuisse
429 1503 786 1557 conquerebatur,
820 1502 938 1556 sequi

171 1561 286 1610 Quae
318 1562 553 1603 noluissem
586 1565 762 1603 ceteras.

205 1711 374 1747 LXXIIII
400 1715 420 1745 3
449 1710 492 1745 cf.
520 1710 631 1745 Anth.
658 1710 761 1744 VIIII
788 1714 865 1745 731.

203 1852 353 1935 ἑΧῂΧΙΞΙΖἹ
377 1854 486 1888 inser.
515 1851 548 1887 G
580 1862 644 1887 om.
675 1851 707 1885 T
753 1851 854 1886 Idem
880 1851 931 1886 Μ
1022 1855 1041 1885 2
1077 1850 1141 1885 sed
1166 1861 1189 1895 p
1218 1851 1256 1895 (p
1283 1850 1364 1894 del.)
1390 1850 1459 1885 dea

110 1910 176 1945 pro
229 1911 293 1935 au

204 1958 356 1992 LXXIII
382 1959 489 1993 inser.
521 1957 553 1992 G
581 1968 646 1992 om.
677 1957 710 1991 T
756 1957 857 1991 Idem
884 1956 933 1991 M
1025 1961 1044 1990 -2
1071 1956 1225 2000 pasiphe
1254 1956 1301 1989 M

206 2017 376 2052 LXXIIII
408 2028 488 2052 cum
520 2016 742 2051 antecedenti
767 2017 927 2050 cohaeret
952 2016 1155 2060 (separauit
1180 2015 1402 2058 rubricator)
1430 2014 1462 2048 T

116 2066 119 2111 ι
148 2066 255 2101 inser.
283 2065 316 2099 G
340 2075 405 2099 om.
435 2064 467 2097 T
516 2064 617 2098 Idem
642 2063 691 2097 M
762 2067 780 2096 I
803 2062 985 2097 Necdum:
1014 2063 1095 2097 z'm‘t.
1123 2063 1190 2096 litt.
1219 2065 1313 2103 atra,
1335 2065 1460 2105 postea

112 2114 225 2147 minio
246 2113 350 2156 picta
372 2111 404 2145 T
425 2114 428 2154 Ι
452 2110 535 2156 sub]
564 2121 627 2154 spe
653 2111 719 2145 del.
746 2110 953 2144 rubricator
979 2109 1031 2143 sb'
1052 2110 1165 2144 minio
1185 2119 1230 2144 ss.
1252 2110 1378 2154 (marg).
1402 2109 1459 2152 -Ι-)

116 2160 148 2193 Τ
243 2163 262 2192 3
287 2157 478 2203 monebat]
507 2157 674 2192 minabat
699 2156 917 2192 ALoisezius

210 2217 341 2252 LXXV
374 2217 481 2251 inser.
513 2215 545 2250 G
578 2227 643 2251 om.
673 2215 705 2249 T
750 2215 851 2249 Idem
886 2215 935 2249 M
1030 2217 1050 2248 2
1083 2214 1184 2248 uisus
1221 2213 1253 2247 T
1345 2217 1365 2247 3
1400 2213 1458 2247 de-

115 2264 300 2319 fuisseque
328 2266 412 2307 (que
439 2264 506 2298 del.
532 2263 753 2306 rubricator)
780 2262 813 2296 T
907 2265 929 2295 4
955 2261 1155 2296 uquissem
1185 2259 1218 2295 G

1178 2331 1247 2365 22*
