1563 2511
644 60 907 100 ...7-

388 164 448 205 Et
479 178 572 205 ecce
604 164 687 205 iam
720 166 822 205 uota
856 164 1018 206 ordior:

387 223 446 264 Et
477 223 681 277 cogitatio
714 223 900 264 numinis
1408 234 1450 264 20

387 281 679 323 praesentiam
712 282 845 323 sentit
876 296 1047 335 pauens.
1417 294 1451 319 45

388 343 576 382 Pauetne
609 340 839 395 quidquam
873 355 989 394 spes,
1021 341 1154 382 fides?

33 469 83 494 111
104 468 179 501 [153]
678 467 871 504 ORATIO.

105 551 408 607 Omnipotens,
440 553 529 594 solo
563 552 717 593 mentis
751 552 858 593 mihi
891 553 1061 607 cognite
1094 553 1225 605 cultu,

104 610 308 666 Ignorate
342 612 465 653 malis
499 614 541 653 et
571 611 678 652 nulli
710 611 858 666 ignote
890 612 1076 665 piorum:

103 669 317 723 Principio
351 673 622 724 extremoque
655 685 824 724 carens⁷
858 671 1072 722 antiquior
1105 685 1228 723 aeuo,

105 727 224 777 Quod
256 728 338 770 fuit
371 731 444 770 aut
477 730 638 771 ueniet:
672 730 788 770 cuius
820 733 1087 784 formamque
1114 728 1370 783 modumque
1394 740 1449 765 ·50

103 786 193 828 Nec
225 802 345 829 mens
379 789 588 843 conplecti
620 788 780 843 poterit
811 803 887 829 nec
919 789 1068 843 lingua
1100 788 1279 842 profari:
1427 799 1447 829 5

104 845 284 888 Cernere
318 861 443 901 quem
477 848 591 889 solus
624 861 853 901 coramque
885 848 1032 888 audire
1065 847 1282 889 iubentem

103 904 184 946 Fas
217 905 350 947 habet
382 911 423 947 et
454 907 640 960 patriam
672 910 848 960 propter
880 906 1098 947 considere
1132 906 1324 947 dextram

104 963 203 1017 Ipse
235 965 378 1018 opifex
409 979 566 1019 rerum,
598 964 724 1006 rebus
759 980 885 1006 causa
916 965 1007 1019 ipse
1039 965 1250 1018 creandis,

101 1022 199 1076 Ipse
232 1023 300 1064 dei
331 1024 525 1075 uerbum,
558 1024 736 1065 uerbum
770 1023 891 1078 deus,
924 1025 1184 1078 anticipator
1417 1034 1450 1060 55

102 1080 268 1136 Mundi,
301 1097 425 1136 quem
458 1082 650 1125 facturus
684 1085 792 1123 erat:
825 1085 1052 1137 generatus
1084 1083 1129 1123 in
1161 1082 1233 1123 illo
1408 1093 1449 1124 10

103 1140 333 1195 Tempore,
366 1156 448 1195 quo
482 1144 650 1195 tempus
682 1141 871 1182 nondum
905 1141 1005 1182 fuit:
1039 1141 1179 1182 editus
1214 1143 1310 1182 ante

103 1198 240 1247 Quam
270 1200 393 1241 iubar
426 1203 467 1241 et
498 1201 655 1242 rutilus
690 1200 853 1241 caelum
886 1200 1139 1241 inlustraret
1170 1199 1306 1242 Eous:

103 1257 194 1307 Quo
229 1258 318 1299 sine
351 1259 410 1299 nil
444 1262 604 1312 actum,
636 1273 712 1313 per
746 1273 871 1313 quem
904 1259 1019 1300 facta
1052 1259 1212 1300 omnia:
1246 1258 1365 1300 cuius

102 1317 151 1357 In
185 1317 302 1358 caelo
336 1318 509 1372 solium,
543 1318 609 1360 cui
642 1317 814 1359 subdita
846 1321 961 1359 terra
995 1318 1160 1359 sedenti
1416 1330 1450 1354 60

196 1433 248 1467 ΙΙΙ
281 1434 326 1468 cf.
355 1433 481 1468 Oratio
508 1433 655 1468 Paulini
682 1433 792 1478 (infra
818 1434 938 1468 XVIII
965 1435 1023 1473 32)

197 1544 241 1574 20
267 1540 308 1574 in
333 1540 496 1584 maraine
514 1550 649 1574 rasura
667 1540 708 1574 in
728 1551 837 1584 eaque
856 1541 963 1575 iuxta
983 1551 1017 1574 u.
1032 1542 1077 1574 21
1099 1540 1256 1583 scriptus
1277 1543 1326 1574 est
1345 1551 1380 1574 u.
1396 1541 1448 1574 22

102 1591 208 1631 atque
227 1587 353 1632 prima
379 1588 522 1631 quidem
546 1598 676 1621 manu:
704 1588 835 1631 priora
859 1598 957 1622 nunc
982 1590 1229 1621 euanefaerusnt:
1261 1587 1448 1631 pauentne

103 1635 234 1678 leyerat
266 1634 435 1675 Vinctus,
461 1635 553 1668 idem
574 1645 644 1678 pro
671 1645 729 1677 qic
758 1635 957 1679 (disparuit
983 1645 1006 1668 v
1032 1634 1151 1668 littera
1178 1644 1293 1678 supra
1319 1635 1449 1669 addita

100 1685 142 1716 ut
166 1682 283 1725 uolqo)
310 1682 455 1716 uiderat
480 1692 556 1724 me;
584 1692 696 1726 panes
720 1682 969 1726 nequicquam
995 1681 1156 1725 Sealv'yer
1184 1684 1215 1723 1,
1237 1684 1259 1716 7

195 1739 247 1773 III
284 1753 410 1774 omno
447 1739 481 1774 V
519 1739 653 1784 incipit
692 1740 808 1775 oratio
842 1745 894 1775 sffi
925 1740 1056 1775 ausoni
1088 1740 1123 1774 P
1170 1741 1225 1775 ort
1262 1739 1449 1775 matutina
1478 1741 1563 1783 ΥΡ,

102 1786 246 1821 ausonii
272 1787 319 1821 ad
346 1787 407 1821 dn]
433 1787 727 1831 omnipotentem
750 1787 780 1822 G
804 1787 972 1832 precatio
998 1787 1182 1822 matutina
1209 1787 1255 1821 ad
1283 1787 1449 1832 omnipo—

101 1835 243 1868 tentem
270 1834 379 1869 deum
407 1835 442 1868 Z
465 1834 611 1879 (incipit
636 1835 825 1879 praecatio
853 1835 886 1870 G
923 1835 1014 1869 item
1040 1834 1174 1879 incipit
1199 1835 1390 1879 praeeatio
1417 1837 1450 1879 λ)

153 1909 169 1938 1
209 1904 442 1949 omnipotens
468 1925 512 1930 --
540 1905 641 1939 cultu
676 1905 749 1940 VP
778 1906 879 1950 (mici
913 1905 947 1939 V
975 1891 1076 1939 01111ῡῖ)Γ
1105 1905 1171 1949 Ρ),
1212 1905 1449 1949 omnipotens

102 1962 211 1994 quem
244 1953 368 1986 mente
405 1951 485 1987 colo
518 1954 625 1996 pater
656 1953 762 1988 unice
794 1965 917 1988 rerum
945 1953 1014 1987 C'Z
1110 1955 1130 1986 5
1157 1952 1342 1996 conplecti
1375 1952 1452 1986 VP

104 1999 303 2043 complecti
324 1999 392 2034 ΟΖ
415 2000 549 2044 31118011
574 2001 615 2034 in
639 2000 709 2043 fine
729 2001 991 2045 quaternionis
1018 2000 1196 2044 completi
1220 2000 1262 2033 in
1281 2003 1447 2034 contextu

106 2056 139 2090 T
211 2061 230 2091 6
258 2058 397 2104 coram]
426 2060 555 2093 contra
577 2058 607 2092 G
679 2063 696 2093 7
725 2059 812 2093 abet
835 2059 869 2092 V
888 2061 892 2103 Ι
914 2058 1067 2103 piopius
1088 2059 1146 2103 ΡΙ
1171 2055 1360 2101 considere
1389 2057 1419 2092 C
1445 2058 1447 2103 Ι

103 2103 291 2138 dexteram
320 2104 349 2138 C
442 2117 504 2140 uu.
532 2110 606 2140 8—
618 2110 660 2140 16
693 2116 758 2141 om.
788 2106 821 2140 Ζ
917 2109 937 2140 8
977 2118 1047 2153 que
1087 2106 1160 2141 mei
1193 2117 1305 2140 causa
1337 2104 1451 2140 suerit

102 2162 214 2195 mary
242 2162 285 2185 m.
313 2162 339 2186 s.
367 2166 389 2186 x
424 2152 457 2185 V
482 2156 487 2196 Ι
514 2152 551 2197 ip
556 2163 575 2187 e
602 2152 632 2188 Ο
727 2157 746 2187 9
773 2164 927 2188 uernum
962 2153 994 2187 V
1020 2156 1024 2198 Ι
1057 2165 1211 2188 uernum
1242 2153 1271 2187 V
1297 2153 1452 2187 ue1bum

97 2209 156 2242 pr.
183 2209 228 2232 ss.
257 2198 286 2232 O
309 2209 374 2233 om.
405 2199 440 2232 P
466 2199 470 2245 Ι
505 2200 739 2245 antecipator
766 2200 810 2235 0²
909 2204 950 2235 11
979 2200 1133 2245 tenpore
1165 2200 1199 2235 V
1224 2202 1229 2244 Ι
1266 2198 1388 2234 editur
1422 2199 1455 2232 V

104 2245 238 2290 edsitus
265 2246 301 2279 P
336 2245 480 2280 aeditus
515 2247 545 2281 O
640 2252 681 2281 12
718 2247 923 2282 illustraret
951 2248 980 2282 C
1077 2252 1118 2282 14
1152 2247 1296 2283 sedenti
1323 2249 1339 2280 ἐ
1375 2247 1450 2290 (pr.

104 2303 182 2337 exp.
210 2294 240 2336 ε)
269 2293 304 2326 P
