1563 2511
625 39 947 80 —447—

207 146 225 176 5
255 142 286 179 (I
312 142 393 177 Par.
422 145 460 182 7,
489 145 530 176 11
563 141 646 177 ioca
679 142 775 176 seria
799 142 915 177 mixti.
971 139 1003 176 (I
1024 143 1118 179 Prof.
1148 148 1184 188 7,
1210 148 1229 178 2
1256 144 1339 180 ioca
1363 148 1453 182 uota.

183 239 224 270 12
251 188 545 316 ἓᾶξιξὲἷ.ἱ2ῗ,2ζ
579 235 827 271 Grammatice
860 236 906 270 ad
934 236 1110 272 Scaurum
1142 239 1254 282 atque
1280 239 1451 276 Probum.

344 293 406 316 rae
427 311 432 316 .
525 290 531 311 ί
549 311 556 318 .

181 333 223 364 18
249 328 342 364 Plin.
370 341 404 363 n.
431 328 466 363 h.
493 329 562 363 VII
589 333 649 372 24,
683 334 726 364 88
754 330 883 364 Cineas
912 331 1044 374 Pyrrhi
1070 332 1214 376 legatus
1243 334 1387 369 senatui
1413 335 1451 370 et

250 376 412 420 equestri
439 376 558 411 ordini
584 377 724 411 Romae
750 377 900 421 postero
928 377 987 412 die
1014 389 1124 421 quam
1150 380 1352 416 aduenerat
1371 382 1449 425 (no-

248 423 348 458 mina
373 422 562 467 reddidit).

105 470 202 505 Prof.
230 470 314 504 XVI
345 470 446 516 [206]
475 474 492 504 7
523 471 555 507 (I
582 470 662 506 Par.
690 474 722 514 4,
751 475 770 505 3
799 471 995 506 Arborium
1017 472 1206 508 Haeduico
1232 474 1383 510 ductum
1405 475 1448 511 de

250 519 444 552 stemmate
469 528 615 552 nomen.

178 568 220 598 10
246 564 374 600 Horat.
403 563 439 599 C.
467 564 502 599 II
530 569 560 607 1,
586 569 607 599 4
634 564 843 609 principum
871 565 1068 601 amicitiae.

177 614 218 645 15
245 611 384 656 Vergil.
411 612 454 647 A.
480 612 496 646 I
525 615 577 646 14.
604 612 638 646 II
664 615 707 646 22
735 612 838 647 diues
865 623 987 657 opum.

104 678 148 682 —
176 658 277 693 XVII
299 658 400 704 [207]
428 662 446 693 7
471 658 502 695 (I
522 658 602 693 Par.
631 663 662 703 3,
693 662 733 693 11
761 659 952 694 Palladiae
975 688 980 694 .
1004 688 1009 695 .
1031 661 1122 704 toga
1147 660 1258 696 docta
1278 661 1445 698 Tolosae.

176 710 193 739 1
223 706 254 743 (I
280 706 463 750 Protrept.
499 710 541 740 73
580 706 677 741 idem
711 706 909 751 uesticipes
940 708 1045 742 motu
1074 707 1150 741 iam
1181 709 1330 752 puberis
1364 711 1446 745 aeui

247 753 293 788 ad
319 764 439 788 mores
466 754 638 797 artesque
665 754 780 788 bonas
806 752 981 798 fandique
1008 754 1173 799 uigorem
1199 756 1363 799 produxi.

246 799 278 836 (I
305 800 476 835 Genethl.
504 804 524 835 8
552 812 635 835 cum
661 802 766 836 motu
791 801 918 846 uigeas
939 801 1013 836 iam
1039 801 1189 846 puberis
1216 803 1310 837 aeui.

102 866 144 871 —
172 846 293 881 XVIII
319 847 420 893 [208]
451 852 467 881 1
495 847 623 883 Horat.
652 847 688 883 C.
716 847 732 881 I
762 851 820 891 12,
861 852 903 882 21
931 859 1049 892 neque
1081 849 1118 883 te
1153 848 1289 893 silebo,
1324 849 1445 886 Liber.

100 913 143 918 —
172 893 309 929 XVIIII
345 894 444 940 [209]
481 899 498 929 1
527 894 664 940 Vergil.
698 895 740 929 A.
768 895 818 929 VI
851 899 916 929 841
952 895 1033 940 quis
1066 897 1101 931 te
1137 923 1143 930 .
1172 923 1178 930 .
1212 897 1369 932 tacitum
1402 926 1409 934 .
1438 927 1445 933 .

244 941 338 976 relin
365 943 440 976 uat.

172 992 214 1023 13
242 987 313 1023 Sed
340 954 384 1024 .q.
410 989 666 1034 Burdigalam:
709 989 740 1026 (I
766 989 861 1025 Prof.
886 994 939 1033 17,
963 994 1004 1025 16
1033 989 1104 1025 Sed
1129 991 1273 1035 patriae
1301 993 1339 1026 te
1366 992 1446 1028 iura

218 1037 352 1071 uocant
378 1036 416 1070 et
441 1036 544 1081 origo
571 1038 783 1082 parentum,
816 1036 1041 1082 Burdigalae
1074 1038 1115 1072 ut
1140 1049 1285 1073 rursum
1310 1050 1441 1075 nomen

219 1082 263 1118 de
290 1082 437 1118 rhetore
463 1083 608 1119 reddas.

98 1149 140 1153 —
170 1129 270 1176 [210]
303 1133 320 1164 7
350 1129 382 1166 (I
408 1131 504 1166 Prof.
534 1135 593 1174 15,
623 1134 664 1165 12
693 1130 870 1165 Scaurum
897 1131 1129 1175 Probumque
1161 1133 1268 1167 corde
1302 1133 1441 1169 callens

218 1177 362 1213 intimo.
417 1177 449 1214 (I
473 1178 590 1213 Praef.
618 1176 634 1211 I
660 1181 715 1212 20.

172 1228 214 1258 14
242 1224 347 1260 Ouid.
374 1225 456 1260 Am.
476 1225 510 1260 II
539 1228 592 1268 10,
614 1229 657 1259 38
679 1225 898 1260 conueniens
924 1225 1025 1260 uitae
1046 1236 1143 1261 mors
1162 1225 1234 1260 fuit
1253 1226 1326 1262 ista
1344 1229 1442 1263 tuae.

214 1271 376 1307 Martial.
402 1272 436 1306 X
457 1276 518 1315 50,
546 1276 566 1306 8
593 1283 656 1306 cur
687 1272 758 1307 fuit
790 1273 827 1306 et
852 1273 952 1307 uitae
979 1274 1055 1307 tam
1081 1284 1195 1318 prope
1221 1276 1321 1309 meta
1345 1275 1443 1311 tuae.

96 1337 138 1341 -
166 1317 250 1352 XXI
279 1319 378 1365 [211]
407 1323 426 1354 5
449 1319 576 1354 Horat.
596 1318 662 1364 Ep.
684 1320 699 1353 I
721 1323 776 1362 20,
800 1323 841 1353 17
868 1330 1001 1364 pueros
1028 1320 1212 1355 elementa
1238 1321 1442 1357 docentem.

168 1369 210 1399 14
236 1365 409 1410 Appulei.
430 1366 526 1401 Flor.
549 1370 591 1401 18
612 1378 647 1411 p.
675 1370 718 1401 91
747 1366 856 1402 Oud.:
885 1378 927 1401 ac
953 1367 1029 1401 iam
1055 1369 1093 1402 et
1117 1379 1246 1412 prorsa
1272 1372 1308 1403 et
1334 1380 1443 1405 uorsa

236 1413 410 1448 facundia
435 1414 633 1449 ueneratus
660 1425 749 1448 sum.

167 1462 209 1494 16
237 1459 378 1504 priscos
424 1461 573 1496 heroas:
625 1457 657 1494 (Γ
691 1459 791 1496 Grat.
829 1462 911 1497 Act.
951 1465 995 1496 20
1038 1463 1226 1507 praelatus
1265 1463 1438 1506 antiquis.

238 1507 269 1543 (I
295 1506 361 1552 Ep.
389 1507 491 1542 XIIII
518 1511 562 1543 38
588 1507 720 1552 priscis
745 1508 931 1543 heroibus.

167 1557 207 1588 16
235 1566 312 1598 sqq.
348 1553 380 1590 (I
407 1554 507 1590 Grat.
540 1554 620 1589 Act.
656 1558 698 1589 19
731 1554 867 1590 ueteris
901 1555 957 1589 illi
989 1557 1027 1590 et
1058 1556 1247 1592 Homerici
1273 1558 1439 1592 oratores

235 1601 381 1636 subtilis
414 1601 572 1636 deducta
603 1602 769 1637 oratione
800 1602 990 1637 Menelaus
1025 1605 1061 1637 et
1094 1602 1211 1637 instar
1237 1604 1440 1648 profundae

234 1648 422 1692 grandinis
449 1649 578 1684 ductor
602 1648 831 1684 Ithacensius
857 1650 894 1684 et
918 1650 1053 1685 melleo
1079 1649 1267 1685 delibutus
1294 1651 1440 1695 eloquio

233 1695 308 1730 iam
334 1695 467 1731 tertiae
494 1697 630 1731 Nestor
656 1697 802 1731 aetatis.

164 1741 207 1777 cf.
236 1742 452 1784 Quintilian.
479 1743 505 1778 I.
533 1742 572 1777 Ο.
600 1742 667 1777 ΧΠ
696 1748 749 1787 10,
777 1747 831 1778 64.
883 1744 978 1779 Laus
1007 1744 1149 1779 Pisonis
1177 1749 1329 1780 61-64,

91 1805 134 1812 —
162 1788 264 1823 XXII
285 1790 386 1836 [212]
410 1794 430 1825 5
452 1790 669 1832 Quintilian.
710 1792 734 1825 I.
758 1790 797 1825 O.
818 1790 905 1825 VIII
925 1795 944 1825 2
970 1792 1009 1826 at
1029 1791 1235 1827 obscuritas
1257 1792 1298 1827 fit
1319 1792 1433 1827 etiam

232 1837 354 1872 uerbis
387 1838 432 1872 ab
465 1850 533 1872 usu
565 1837 731 1873 remotis:
764 1839 805 1873 ut
839 1838 868 1872 si
896 1839 1179 1874 commentarios
1208 1839 1288 1883 quis
1314 1840 1435 1884 ponti-

232 1883 341 1919 ficum
368 1885 406 1919 et
430 1884 685 1920 uetustissima
709 1885 859 1920 foedera
885 1887 922 1920 et
948 1886 1110 1921 exoletos
1143 1887 1325 1921 scrutatus
1353 1898 1434 1922 auc-

232 1933 330 1967 tores
356 1931 533 1976 idipsum
559 1933 665 1977 petat
685 1943 728 1967 ex
746 1933 816 1976 his,
843 1944 935 1976 quae
961 1932 1047 1967 inde
1075 1934 1310 1977 contraxerit,
1337 1934 1437 1978 quod

232 1990 305 2014 non
335 1978 615 2024 intelleguntur.
660 1979 745 2014 hinc
772 1979 868 2014 enim
901 1979 1018 2024 aliqui
1049 1980 1186 2014 famam
1218 1981 1434 2016 eruditionis

230 2026 417 2067 affectant,
442 2028 484 2061 ut
510 2026 695 2071 quaedam
721 2028 791 2062 soli
816 2027 908 2062 scire
935 2027 1141 2062 uideantur.

160 2071 202 2107 cf.
231 2072 358 2108 Horat.
386 2073 451 2118 Ep.
479 2074 512 2108 II
541 2078 557 2108 1
586 2074 638 2109 sic
688 2074 812 2109 fautor
838 2076 1007 2109 ueterum
1034 2077 1102 2109 etc.

89 2137 131 2142 ——
159 2119 279 2154 XXIII
301 2124 343 2155 16
359 2120 460 2167 [213]
485 2121 517 2158 (I
532 2121 628 2156 Prof.
645 2125 700 2164 24,
717 2126 736 2156 2
757 2124 794 2156 te
816 2121 966 2156 maestis
989 2122 1286 2157 commemorabo
1308 2122 1435 2166 elegis.

89 2185 130 2189 —
159 2165 298 2200 XXIIII
324 2167 426 2214 [214]
453 2172 472 2202 2
501 2169 533 2206 (I
558 2169 654 2204 Prof.
682 2173 737 2213 23,
766 2173 808 2204 16
835 2170 1100 2204 commemorat
1125 2169 1282 2204 maestis
1308 2171 1345 2204 te
1371 2168 1435 2214 pia

229 2225 315 2249 cura
341 2215 467 2260 elegis.

184 2265 203 2295 5
231 2261 264 2341 (II
275 2261 381 2341 ἐξισοῖ.
397 2266 428 2306 3,
452 2267 469 2296 1
492 2263 783 2308 condiscipulum
804 2265 915 2308 atque
935 2264 1154 2309 magistrum
1175 2263 1431 2309 collegamque

255 2318 273 2342 e
302 2319 372 2343 inc.
