1563 2511
1536 470 1542 494 ἢ.
1535 299 1550 462 ‚numm—f„-
1543 219 1545 222 .

715 447 854 490 VIIII.

38 543 212 611 Εέἒξᾱῖὲᾕῇ
506 544 606 591 DE
663 543 1054 592 BISSVLA.

442 680 686 717 AVSONIVS
711 681 870 716 PAVLO
898 681 988 716 SVO
1017 681 1052 716 S.
1078 681 1121 716 D.

200 766 423 808 Peruincis
449 768 597 807 tamen
623 767 666 806 et
693 768 845 820 operta
870 780 1090 808 musarum
1115 780 1320 820 mearum,
1353 779 1461 820 quae

111 826 334 868 initiorum
361 825 534 866 uelabat
561 825 813 876 obscuritas,
840 839 1102 880 quamquam
1127 839 1216 867 non
1241 823 1461 879 profanus,

111 884 333 939 irrumpis,
366 884 496 925 Paule
529 883 761 926 carissime.
813 884 1011 938 quamuis
1045 884 1158 925 enim
1185 886 1227 925 te
1253 898 1340 925 non
1371 883 1461 925 eius

112 944 234 998 uulgi
262 943 519 996 existimem,
553 943 666 997 quod
692 941 899 985 Horatius
927 945 1043 984 arcet
1068 943 1284 998 ingressu,
1315 945 1463 984 tamen

114 1017 191 1044 sua
230 1002 382 1056 cuique
421 1016 560 1056 sacra,
603 1016 742 1056 neque
783 1001 897 1043 idem
936 1001 1098 1056 Cereri,
1144 1001 1258 1056 quod
1295 1000 1463 1055 Libero,
1489 1013 1509 1044 5

113 1061 243 1102 etiam
264 1061 342 1102 sub
365 1060 501 1102 isdem
522 1060 776 1103 cultoribus.
806 1060 1038 1116 poematia,
1051 1075 1160 1115 quae
1179 1060 1225 1101 in
1245 1060 1464 1102 alumnam

113 1134 253 1161 meam
285 1120 475 1161 luseram
505 1119 628 1161 rudia
660 1122 703 1161 et
733 1119 939 1162 incohata
971 1119 1024 1162 ad
1055 1119 1315 1162 domesticae
1353 1119 1463 1161 sola-

113 1179 226 1220 cium
248 1179 501 1232 cantilenae,
522 1193 619 1220 cum
640 1179 729 1220 sine
750 1181 867 1220 metu
991 1180 1034 1220 et
1054 1193 1213 1221 arcana
1234 1179 1464 1220 securitate

112 1238 369 1292 fruerentur,
395 1237 588 1291 proferre
615 1237 670 1279 ad
692 1237 830 1279 lucem
851 1238 1085 1292 caligantia
1111 1237 1305 1292 coegisti.
1351 1252 1463 1279 uere-

114 1296 292 1338 cundiae
319 1310 439 1338 meae
465 1296 630 1338 scilicet
658 1296 844 1351 spolium
864 1297 1114 1352 concupisti,
1142 1299 1228 1351 aut,
1255 1299 1462 1352 quantum
1492 1308 1535 1339 10

112 1355 195 1397 tibi
226 1356 271 1397 in
302 1370 370 1397 me
402 1355 507 1397 iuris
541 1358 671 1410 esset,
706 1356 760 1396 ab
793 1356 929 1397 inuito
961 1355 1156 1398 indicari.
1204 1370 1258 1397 ne
1289 1358 1337 1397 tu
1363 1355 1464 1397 Ale-

113 1414 266 1456 xandri
289 1413 538 1456 Macedonis
563 1414 852 1469 peruicaciam
879 1428 1202 1470 supergressuS,
1234 1415 1324 1469 qui,
1356 1414 1463 1455 fata-

113 1473 169 1514 lis
202 1473 294 1528 iugi
325 1473 420 1514 lora
451 1488 546 1515 cum
579 1474 744 1515 soluere
776 1488 863 1516 non
894 1476 1059 1528 posset,
1092 1473 1278 1516 abscidit
1311 1475 1353 1515 et
1384 1473 1465 1528 Py-

111 1531 231 1573 thiae
258 1546 448 1586 specum,
481 1547 565 1587 quo
592 1532 660 1574 die
686 1532 753 1574 fas
779 1547 866 1574 non
893 1535 984 1574 erat
1009 1535 1176 1587 patere,
1209 1532 1464 1587 penetrauit.

208 1639 231 1669 4
256 1636 386 1671 Horat
415 1635 441 1670 o
467 1634 683 1682 11115132

44 1732 82 1764 Ζ
209 1729 347 1775 Incipit
366 1730 514 1765 Bissula
530 1730 563 1765 T
585 1730 687 1766 Finit
707 1730 849 1776 Cupido
870 1730 1064 1766 cruciatus
1096 1730 1233 1776 Incipit
1252 1731 1407 1766 Bissula.
1431 1729 1466 1766 G

113 1788 180 1812 om
208 1777 258 1811 M
280 1778 285 1822 Ι
318 1777 504 1813 Ausonius
531 1797 575 1803 —-
603 1789 630 1813 s.
658 1778 709 1824 d.]
737 1789 802 1813 om.
831 1778 881 1813 M
914 1775 978 1812 sal'
1007 1777 1098 1813 dicit
1127 1777 1160 1812 T
1194 1779 1258 1814 sal.
1287 1779 1332 1813 di.
1361 1778 1395 1814 G

116 1828 134 1858 1
160 1824 313 1859 tandem
339 1825 511 1860 Accursii
535 1828 639 1861 uetus
664 1826 774 1861 codem
808 1827 813 1869 Ι
847 1825 1027 1870 mearum]
1055 1836 1139 1860 mea
1165 1825 1198 1860 T
1207 1824 1241 1860 G
1337 1830 1356 1860 2
1383 1836 1465 1871 pro-

113 1894 259 1939 phanus
282 1894 354 1929 TG
427 1899 447 1929 3
475 1894 637 1947 erumpis
661 1895 694 1929 Τ
715 1898 719 1937 Ι
741 1880 852 1940 paule
876 1895 909 1929 T
929 1896 934 1941 Ι
956 1892 1068 1930 k'ime
1089 1895 1139 1930 M
1207 1900 1228 1930 4
1254 1895 1413 1941 iuluulgi
1437 1896 1470 1931 T

117 1941 121 1987 Ι
151 1940 327 1976 extimem
344 1942 393 1976 M
412 1943 417 1986 Ι
440 1941 580 1977 oratius
595 1942 644 1976 M
661 1943 666 1986 l
689 1953 771 1978 aree
789 1943 822 1976 T
893 1945 912 1976 5
933 1953 1038 1977 sacra
1056 1943 1191 1989 neque]
1215 1954 1400 1978 sacrarum
1422 1943 1471 1978 M

114 1989 252 2033 neque]
279 1998 346 2022 nec
368 1988 401 2023 G
463 1993 483 2023 6
503 1989 636 2024 iisdem
659 1989 735 2024 TG
761 1989 919 2025 hiisdem
935 1990 985 2023 M
1037 1995 1057 2025 6
1083 1991 1258 2035 poemata
1278 1990 1311 2024 T
1365 1995 1383 2025 7
1410 1991 1464 2025 in-

116 2035 273 2070 cohacta
301 2035 346 2069 Τ1
373 2035 524 2071 incoata
551 2037 614 2079 M,
641 2040 673 2072 et
698 2038 750 2071 sic
770 2048 828 2081 po.
855 2048 899 2072 m.
927 2047 1017 2072 corr.
1049 2037 1083 2071 T
1175 2041 1196 2072 8
1223 2039 1260 2072 et
1285 2038 1351 2073 del.
1378 2037 1463 2073 Sca-

116 2083 206 2128 liger
231 2084 380 2118 uerbum
406 2084 579 2118 excidisse
598 2086 691 2128 puto
717 2084 892 2128 (laterent
904 2085 933 2127 5³)
968 2085 974 2127 Ι
1013 2084 1175 2119 archana
1203 2083 1238 2119 G
1335 2088 1354 2119 9
1381 2096 1464 2130 pro-

116 2128 203 2165 ferri
229 2129 279 2164 M
361 2134 403 2164 10
430 2130 591 2176 scilicet]
618 2143 654 2166 .s.
683 2130 715 2165 G
741 2142 806 2166 om.
836 2131 893 2175 ΤΙ
922 2131 1001 2176 aut]
1028 2133 1068 2166 at
1097 2131 1130 2165 T
1215 2135 1255 2166 11
1285 2132 1464 2178 ab-lmuto

118 2177 189 2221 (uel
212 2177 336 2222 mitto)
362 2177 519 2212 iudicari
538 2177 571 2212 T
594 2177 640 2213 ab
667 2178 764 2213 inico
790 2177 945 2212 iudicari
961 2178 993 2213 G
1069 2182 1110 2212 12
1137 2179 1364 2214 macedonici
1385 2180 1433 2214 M
1458 2180 1461 2205 ἰ

115 2223 362 2269 peruicatiam
391 2224 463 2260 TG
538 2229 581 2260 13
607 2224 731 2270 pythii
753 2225 786 2259 T
811 2227 868 2266 (ex
892 2224 1020 2270 pythie
1044 2237 1100 2270 pr.
1127 2226 1187 2269 T),
1215 2228 1362 2271 pythyae
1383 2227 1418 2262 G

119 2274 162 2306 14
190 2272 288 2315 quod
314 2271 373 2306 dic
401 2272 474 2316 M!
502 2282 577 2308 non
601 2283 666 2308 om.
689 2272 723 2307 G
748 2273 857 2316 (unde
882 2272 985 2308 nefas
1013 2273 1216 2317 Amantius)
1240 2276 1245 2318 Ι
1277 2274 1346 2309 erit
1373 2274 1423 2308 M
