1563 2511
649 45 943 86 „29—

123 152 274 206 Nenia,
305 151 491 193 funereis
525 151 630 192 satis
663 151 858 192 officiosa
890 151 1104 206 querellis,
1450 162 1470 192 5

182 211 338 252 Annua
368 225 421 252 ne
453 209 597 251 tacitis
630 224 808 251 munera
839 212 1102 264 praetereas,

124 269 240 319 Quae
272 269 417 311 Numa
449 269 644 323 cognatis
679 268 903 310 sollemnia
935 269 1104 310 dedicat
1136 269 1319 324 umbris,

182 329 243 370 Vt
274 328 432 383 gradus
466 331 541 369 aut
572 328 726 370 mortis
758 328 954 382 postulat
986 330 1060 369 aut
1093 329 1275 383 generis.

124 387 216 429 Hoc
249 388 353 428 satis
387 390 452 428 est
483 387 678 441 tumulis,
711 387 815 428 satis
848 389 914 427 est
945 387 1112 427 telluris
1146 388 1310 442 egenis:

183 446 299 488 Voce
332 447 441 487 ciere
475 447 639 488 animas
671 446 693 486 f
752 446 834 487 eris
866 446 1002 487 instar
1034 446 1177 486 habet.
1429 457 1471 488 10

125 504 322 547 Gaudent
354 505 567 559 conpositi
600 461 763 575 emeli}
797 519 874 546 sua
904 504 1079 545 nomina
1113 504 1213 545 dici:

182 564 413 606 Frontibus
445 564 526 605 hoc
560 564 729 617 scriptis
765 566 807 605 et
839 566 1117 605 monumenta
1149 563 1311 604 iubent.

125 623 200 665 Ille
234 624 381 677 etiam,
414 623 569 664 maesti
601 623 668 664 cui
701 623 838 664 defuit
870 637 978 664 urna
1010 622 1211 676 sepulcri,

182 682 367 724 Nomine
399 684 465 722 ter
498 681 611 723 dicto
645 696 780 735 paene
814 682 1008 735 sepultus
1042 682 1136 723 erit.

123 740 184 782 At
215 744 281 795 tu,
315 741 569 796 quicumque
604 755 665 791 eS,
698 741 850 794 lector,
884 741 956 795 qui
989 740 1079 781 fata
1112 754 1305 782 meorum
1430 751 1471 781 15

183 799 387 854 Dignaris
420 800 597 841 maestis
631 814 951 841 conmemorare
985 800 1136 855 elegis,

124 858 384 900 Inconcussa
414 861 513 900 tuae
546 873 770 912 percurras
802 862 997 912 tempora
1029 860 1144 899 uitae

182 918 241 959 Et
272 920 442 972 praeter
474 919 635 959 iustum
667 918 817 959 funera
848 917 969 958 nulla
1000 918 1114 959 fleas.

59 1094 134 1124 [150]
450 1081 476 1116 I.
520 1079 679 1114 IVLIVS
707 1079 949 1115 AVsONIVS
975 1080 1147 1115 PATER.

125 1176 294 1217 Primus
326 1175 371 1216 in
402 1175 469 1216 his
502 1179 624 1229 pater
654 1174 891 1230 Ausonius,
925 1190 1051 1229 quem
1083 1190 1241 1230 ponere
1274 1176 1474 1230 primum,

183 1235 279 1276 Etsi
312 1237 538 1276 cunctetur
570 1234 702 1288 filius,
737 1235 839 1276 ordo
873 1235 1003 1276 iubet.

125 1293 238 1336 Cura
271 1293 353 1348 dei,
386 1293 578 1347 placidae
611 1293 784 1335 functus
819 1294 931 1348 quod
963 1294 1125 1335 honore
1159 1296 1355 1335 senectae

182 1352 391 1394 Vndecies
425 1353 549 1394 binas
583 1353 693 1394 uixit
726 1352 1020 1407 Olympiadas.

125 1411 298 1462 Omnia,
331 1426 439 1466 quae
471 1412 624 1465 uoluit,
659 1412 732 1466 qui
763 1426 970 1466 prospera
1001 1412 1127 1453 uidit:
1161 1412 1315 1465 eidem,
1456 1423 1475 1453 5

185 1471 364 1525 Optavit
397 1470 618 1525 quidquid,
651 1472 854 1526 contigit,
887 1474 935 1512 ut
966 1472 1117 1512 uoluit.

124 1529 223 1571 Non
256 1530 357 1584 quia
389 1530 576 1570 fatorum
607 1530 743 1571 nimia
775 1530 1060 1584 indulgentia,
1094 1530 1169 1572 sed
1201 1530 1312 1585 quod

185 1588 292 1629 Tam
323 1588 543 1630 moderata
575 1589 639 1629 illi
671 1591 773 1630 uota
804 1589 921 1629 fuere
954 1590 1060 1631 uiro.

126 1646 261 1695 Quem
295 1662 371 1689 sua
403 1648 622 1689 contendit
655 1651 819 1702 septem
853 1648 1121 1702 sapientibus
1155 1651 1292 1703 aetaS,

185 1706 375 1755 Quorum
409 1707 648 1748 doctrinam
681 1707 873 1748 moribus
907 1708 1109 1761 excoluit,
1435 1718 1477 1749 10

124 1764 302 1806 Viueiet
332 1768 380 1807 ut
411 1767 574 1821 potius,
608 1781 735 1821 quam
769 1766 942 1820 diceret,
979 1769 1069 1807 arte
1103 1767 1355 1822 sophor,um

186 1824 455 1879 Quamquam
488 1828 531 1866 et
562 1824 745 1866 facundo
777 1840 864 1867 non
894 1826 1012 1867 rudis
1044 1825 1231 1880 ingenio.

223 1956 242 1986 ss
256 1963 324 1987 nec
345 1952 379 1986 V
383 1953 393 1971 ¹
415 1954 419 1996 1
442 1951 579 1987 tacitus
601 1952 736 1990 Vcorr
753 1953 894 1997 Peiper,
914 1953 1031 1988 tacita
1045 1954 1217 1989 Boandes
1286 1958 1306 1989 8
1329 1954 1477 1999 mortis]

130 2000 238 2034 sortis
253 2001 311 2034 uel
332 1999 455 2034 meriti
468 2000 600 2044 Peiper
622 2001 626 2044 Ι
649 2001 816 2044 postulat
842 2001 920 2046 aut]
941 2013 976 2046 p.
997 2003 1040 2036 ut
1061 2001 1094 2035 V
1152 2005 1171 2036 9
1193 2000 1254 2036 hic
1273 2002 1443 2036 Bumdes
1473 2001 1476 2047 l

130 2092 166 2116 es
170 2082 185 2115 t
212 2103 253 2107 —
280 2083 338 2117 est
365 2082 496 2127 Peiper
522 2084 560 2118 et
587 2104 627 2108 —-
657 2085 695 2118 et
728 2084 762 2118 V
787 2085 792 2128 1
820 2083 962 2119 timulis
997 2084 1031 2118 V
1115 2089 1157 2120 10
1185 2084 1272 2119 abet
1305 2084 1338 2118 Ῑ
1342 2084 1352 2103 1

223 2141 239 2174 Ι
278 2142 433 2185 (numeri
464 2142 592 2177 desunt
629 2142 678 2186 V>
777 2147 796 2177 2
831 2145 1024 2178 cunctetui
1061 2142 1096 2177 V
1187 2147 1209 2178 4
1243 2143 1350 2177 uinas
1385 2143 1432 2177 V¹
1473 2147 1475 2175 ἲ

687 2198 705 2215 a

133 2234 355 2279 olimpiadus
387 2236 421 2270 V
500 2240 520 2271 5
548 2249 571 2280 q
600 2237 647 2272 Vl
680 2250 704 2282 q
732 2237 778 2271 V‘-'
802 2239 1004 2282 {piospera
1023 2238 1133 2283 uidit]
1161 2237 1378 2282 properauit
1402 2237 1475 2272 V¹
1474 2247 1476 2253 ’

132 2283 169 2316 et
193 2282 292 2316 idem
325 2283 359 2317 V
381 2294 471 2319 0077·
502 2284 583 2319 Tolz
664 2289 683 2320 6
711 2284 857 2320 obtauit
888 2285 935 2319 Vl
964 2287 969 2330 Ι
998 2285 1176 2330 quiequid
1210 2284 1257 2319 V2
