1563 2511
569 59 884 101 —268—

69 180 242 208 munere
275 165 537 221 frequenter,
571 180 654 221 quo
682 167 724 207 et
751 165 943 207 oblector
969 167 1010 206 et
1035 165 1234 206 honoror.
1280 178 1416 206 acces-

70 225 126 266 sit
150 225 233 266 tibi
259 224 312 266 ad
341 227 477 266 artem
503 225 716 279 poeticam
743 224 898 266 mellea
926 224 1126 266 adulatio.
1177 223 1278 278 quid
1306 223 1418 265 enim
1443 233 1487 264 40

70 283 186 326 aliud
221 286 373 338 agunt:

159 354 312 396 Audax
345 354 483 397 Icario
516 355 589 409 qui
620 355 722 397 fecit
754 355 930 396 nomina
962 357 1096 408 ponto

158 413 217 454 Et
249 414 320 467 qui
354 412 623 455 Chalcidicas
656 414 874 456 moderate
907 414 1052 455 enauit
1085 412 1136 454 ad
1171 426 1307 467 arces,

69 495 154 537 nisi
197 498 245 536 ut
289 499 337 537 tu
380 500 581 551 uegetam
626 499 668 537 et
713 496 942 537 sublimem
987 495 1255 536 alacritatem
1300 497 1419 537 tuam

69 555 357 596 temeritatem
396 570 542 608 uoces,
581 569 648 596 me
686 569 806 608 uero,
848 557 891 596 et
929 554 1173 596 consultum
1213 556 1255 595 et
1293 569 1419 608 quem
1445 563 1489 594 45

70 613 183 654 filius
235 613 389 655 debeat
436 614 617 667 imitari,
669 614 850 655 salutari
901 613 1127 667 prudentia
1177 613 1418 666 praeditum

72 671 218 713 dicas?
268 672 381 727 quod
414 673 609 727 equidem
643 676 793 713 contra
820 674 896 713 est.
947 686 1047 713 nam
1079 675 1127 712 tu
1160 686 1328 713 summa
1360 672 1421 713 sic

73 730 258 785 adpetis,
291 734 340 772 ut
370 746 456 773 non
490 731 677 772 decidas:
711 733 906 772 senectus
934 745 1029 772 mea
1061 731 1166 771 satis
1199 730 1350 782 habet,
1384 730 1421 772 si

73 789 292 830 consistat.
343 790 448 831 haec
481 791 533 831 ad
565 793 608 831 te
642 790 830 831 breuiter
862 792 904 830 et
935 790 1051 831 illico
1078 790 1269 843 uesperis
1302 790 1420 830 illius

73 851 219 889 secuto
263 863 387 890 mane
431 849 603 890 dictaui.
658 848 720 889 ita
761 849 874 889 enim
915 848 1169 889 tabellarius
1213 851 1329 902 tuus,
1373 851 1422 889 ut
1447 857 1490 888 50

73 907 304 961 epistulam
331 907 521 960 referret,
551 908 752 949 instabat.
797 922 899 948 nam
927 907 961 948 si
988 907 1094 948 mihi
1121 908 1255 948 otium
1281 906 1421 960 fuerit,

73 966 331 1007 oblectabile
364 967 585 1020 negotium
619 967 701 1008 erit
733 966 786 1007 ad
820 969 861 1008 te
893 966 1103 1020 prolixius
1137 966 1336 1021 delirare,
1377 968 1421 1007 te

72 1027 121 1065 ut
152 1025 341 1079 eliciam,
373 1025 480 1066 mihi
511 1029 559 1067 ut
590 1025 868 1067 satisfaciam.
918 1026 1027 1067 uale.

2 1175 215 1242 Χξξξξὲω
359 1198 599 1235 Avsouivs
626 1199 841 1234 PAvao
871 1199 966 1234 SAL.
993 1200 1062 1234 PL.
1090 1200 1133 1234 D.

73 1293 253 1336 Paulino
288 1294 514 1337 Ausonius.
566 1297 749 1336 metrum
784 1295 844 1336 sie
877 1295 1030 1348 suasit,
1063 1297 1109 1336 ut
1143 1309 1256 1337 esses

134 1353 198 1394 Tu
230 1354 348 1408 prior
381 1356 424 1395 et
455 1369 610 1395 nomen
642 1354 972 1409 praegrederere
1004 1368 1164 1408 meum3

75 1411 345 1466 Quamquam
378 1415 420 1454 et
451 1413 663 1454 fastorum
695 1413 823 1454 titulo
856 1413 975 1467 prior
1007 1417 1050 1454 et
1079 1416 1155 1454 tua
1187 1413 1349 1455 Romae

134 1471 375 1512 Praecessit
406 1474 604 1513 nostrum
637 1472 742 1513 sella
775 1472 932 1513 curulis
966 1472 1070 1513 ebur

170 1603 214 1633 42
243 1598 348 1634 Ovid.
364 1599 422 1633 Tr.
439 1598 455 1632 I
472 1603 502 1642 1,
515 1603 558 1634 90
578 1599 703 1634 Icarus
723 1599 851 1634 Icariis
872 1599 1024 1634 nomina
1043 1599 1133 1635 fecit
1152 1600 1267 1644 aquis.
1294 1601 1422 1637 Horat.

76 1657 103 1682 e.
132 1646 201 1680 IIII
228 1650 261 1687 2,
288 1651 307 1680 3
330 1658 382 1690 sq.
409 1646 530 1681 uitreo
557 1647 708 1681 daturus
734 1646 886 1681 nomina
911 1649 1039 1691 ponto.

172 1697 214 1728 43
243 1693 382 1737 Vergil.
409 1693 441 1726 A
468 1694 517 1728 VI
546 1698 588 1728 16
603 1705 674 1737 sq.:
702 1694 774 1728 iter
801 1722 808 1728 .
833 1722 839 1728 .
869 1694 995 1729 enauit
1021 1694 1066 1728 ad
1095 1696 1214 1729 arctos
1242 1694 1422 1730 Chalcidi-

76 1752 190 1784 caque
219 1768 225 1775 .
249 1767 256 1774 .
279 1768 286 1775 .
314 1752 424 1785 super
449 1741 597 1776 adstitit
622 1752 715 1776 arce.

171 1862 215 1892 40
242 1859 362 1893 melea
392 1859 424 1892 T
504 1862 548 1892 42
574 1857 707 1892 Audax
733 1858 815 1892 init.
842 1859 954 1893 minio
979 1869 1045 1894 ser.
1077 1859 1110 1893 Τ
1139 1861 1144 1903 Ι
1177 1860 1302 1904 yoario
1331 1861 1378 1894 M

75 1909 120 1940 43
147 1905 346 1940 calcidicas
372 1905 406 1939 Z
431 1908 435 1948 Ι
467 1916 570 1940 arces
597 1906 769 1958 Accursii
793 1906 903 1940 coclea:
930 1906 1051 1940 arctos
1080 1907 1115 1940 Z
1139 1907 1280 1951 (arthos
1309 1908 1374 1952 M)

76 1980 122 2011 44
148 1976 228 2010 Nisi
255 1977 336 2010 im‘t.
363 1977 448 2010 mw'.
480 1975 553 2011 TG
581 1978 585 2018 1
615 1966 825 2010 'sublimem
853 1978 889 2010 et
916 1968 1085 2021 uegetam
1119 1977 1151 2010 Τ
1245 1982 1289 2012 45
1316 1978 1422 2013 Eme—

75 2023 226 2058 ritatem
253 2022 295 2067 (T
316 2023 360 2057 ab
375 2024 602 2057 =7·ub·›·icatore
614 2035 731 2058 nouae
745 2028 926 2068 tamquam
942 2025 1066 2068 partis
1084 2025 1189 2059 initio
1204 2026 1375 2071 ozeylecta)
1395 2026 1428 2060 Τ

75 2094 354 2129 themeritatem
382 2094 430 2127 M
451 2096 454 2132 Ι
486 2104 544 2136 me
571 2079 710 2128 uoce¹sne
724 2104 811 2128 uero
838 2096 911 2138 <me
938 2097 1116 2139 emunxit
1143 2099 1173 2130 et
1197 2106 1313 2140 supra
1339 2097 1422 2132 add.

75 2141 296 2185 rubricator)
327 2141 359 2175 T
432 2144 476 2174 46
502 2140 639 2175 mutari
668 2142 715 2175 M
787 2145 830 2176 48
858 2143 1004 2186 appetis
1032 2143 1066 2176 Z
1138 2147 1182 2178 50
1209 2145 1364 2186 sequuto
1395 2143 1427 2177 Τ

125 2191 167 2222 51
196 2187 394 2233 epistolam
422 2188 456 2221 Z

8 2249 43 2280 Z
171 2247 311 2282 XXIIII
349 2247 414 2281 sal.
445 2247 495 2291 pl.
522 2247 614 2281 dicit
643 2247 676 2281 T
710 2246 800 2281 salu.
828 2247 877 2291 pl.
906 2247 939 2283 d.
971 2248 1004 2283 G
1035 2259 1100 2283 om.
1128 2249 1162 2282 L
1262 2255 1275 2284 1
1306 2250 1422 2295 esses]

21 2343 26 2348 .
77 2295 123 2329 ὦ
149 2295 181 2329 Τ
263 2298 282 2329 3
310 2304 522 2338 quanquam
548 2294 582 2328 L
