1563 2511
609 68 922 109 ——207—

109 175 193 226 ret,
224 172 363 213 simile
394 186 473 213 nos
506 171 555 212 de
588 171 735 213 eodem
761 172 1013 213 concinnare
1045 175 1272 228 praecepit.
1323 189 1450 229 quam

111 231 407 284 scrupulosum
431 230 512 271 hoc
538 230 646 271 mihi
671 230 811 282 fuerit,
831 231 1043 284 intellege.
1083 246 1219 286 neque
1247 234 1450 274 anteferri

109 290 306 330 uolebam
337 303 475 342 neque
508 288 777 342 posthaberi,
810 303 904 329 cum
937 289 1118 330 aliorum
1152 306 1317 344 quoque
1343 292 1449 333 iudi-

109 348 175 389 cio
208 347 448 402 detegenda
479 349 591 388 esset
619 347 807 388 adulatio
839 347 1003 401 inepta,
1037 348 1072 388 si
1099 349 1306 402 cederem,
1337 350 1447 391 inso-

109 406 261 460 lentia,
293 407 329 447 si
354 408 403 447 ut
429 406 620 447 aemulus
649 406 891 447 eminerem.
936 406 1103 459 suscepi
1134 407 1266 461 igitur
1297 409 1447 450 similis

108 464 325 506 recusanti
365 464 630 518 feliciterque
669 467 711 505 et
748 464 956 505 obnoxius
995 464 1179 518 gratiam
1217 467 1335 507 tenui
1371 481 1448 508 nec

108 523 247 564 uictor
285 523 452 564 offendi.
513 523 595 565 hoc
631 525 724 563 tum
762 522 829 563 die
868 536 952 563 uno
992 526 1034 563 et
1071 523 1217 564 addita
1254 524 1448 566 lucubra-

106 582 223 623 tione
271 584 549 636 properatum
596 582 722 623 modo
771 581 883 622 inter
926 581 1146 622 liturarios
1191 597 1307 623 meos
1352 597 1446 624 cum

107 641 379 694 reperissem,
411 642 535 681 tanta
567 640 673 681 mihi
706 639 902 681 candoris
934 640 999 680 tui
1030 643 1074 681 et
1105 641 1262 682 amoris
1294 641 1448 682 fiducia

108 702 184 749 est,
209 701 258 740 ut
283 699 503 740 seueritati
528 702 627 740 tuae
652 713 728 740 nec
754 698 931 739 ridenda
957 698 1265 741 subtraherem.
1306 701 1448 754 accipe

106 757 238 812 igitur
270 758 521 812 opusculum
554 758 605 799 de
636 758 854 799 inconexis
888 757 1153 811 continuum,
1186 758 1236 799 de
1268 758 1448 800 diuersis

106 831 257 870 unum,
296 816 346 857 de
380 817 502 857 seriis
533 816 761 870 ludicrum,
803 816 853 857 de
892 816 1029 857 alieno
1068 819 1283 857 nostrum:
1319 831 1372 858 ne
1403 817 1448 858 in

108 875 240 916 sacris
268 877 310 916 et
335 875 495 916 fabulis
523 877 598 916 aut
623 875 922 929 Thyonianum
948 875 1115 915 mireris
1143 877 1218 915 aut
1236 874 1447 930 Virbium,

106 934 228 974 illum
261 933 311 974 de
337 933 547 988 Dionyso,
578 933 691 975 hunc
717 933 768 974 de
793 932 1034 988 Hippolyto
1060 933 1355 975 reformatum.
1404 937 1446 976 et

107 992 141 1033 si
174 992 354 1046 pateris,
391 995 439 1033 ut
477 992 650 1033 doceam
682 992 896 1033 docendus
934 992 1043 1045 ipse,
1081 995 1203 1033 cento
1243 993 1345 1046 quid
1378 993 1446 1047 sit,

107 1051 344 1092 absoluam.
399 1051 530 1092 uariis
564 1051 614 1092 de
645 1051 749 1092 locis
790 1050 1070 1104 sensibusque
1109 1050 1289 1092 diuersis
1322 1066 1447 1105 quae-

106 1109 204 1150 dam
236 1109 439 1151 carminis
473 1112 688 1151 structura
718 1109 943 1162 solidatur,
974 1109 1019 1150 in
1044 1124 1175 1150 unum
1202 1124 1374 1150 uersum
1399 1113 1448 1151 ut

105 1171 258 1209 coeant
278 1170 352 1209 aut
373 1168 484 1209 caesi
510 1168 593 1209 duo
615 1171 689 1209 aut
708 1182 817 1208 unus
839 1170 882 1208 et
903 1182 1084 1221 sequens
1106 1167 1329 1221 <medius>
1350 1183 1446 1210 cum

105 1227 257 1268 medio.
307 1241 407 1268 nam
439 1227 544 1268 duos
577 1227 754 1268 iunctim
786 1227 927 1267 locare
954 1226 1149 1280 ineptum
1175 1230 1258 1279 est,
1291 1229 1333 1268 et
1358 1230 1444 1269 tres

104 1300 190 1326 una
223 1285 330 1326 serie
363 1300 505 1327 merae
537 1300 686 1340 nugae.
744 1284 1028 1326 diffinduntur
1066 1288 1209 1326 autem
1246 1300 1323 1339 per
1355 1301 1445 1327 cae—

105 1358 227 1385 suras
260 1358 424 1397 omneS,
462 1359 567 1398 quas
599 1344 753 1397 recipit
783 1358 933 1384 uersus
965 1343 1180 1397 heroicus,
1220 1345 1445 1386 conuenire

104 1405 152 1443 ut
176 1403 315 1456 possit
348 1406 422 1444 aut
453 1403 803 1457 penthemimeris
835 1416 931 1444 cum
962 1402 1127 1456 reliquo
1160 1403 1446 1457 anapaestico,

105 1467 180 1503 aut
216 1461 433 1503 trochaice
472 1477 567 1503 cum
606 1462 842 1515 posteriore
884 1464 1124 1515 segmento,
1166 1465 1240 1502 aut
1281 1465 1445 1515 septem

105 1520 340 1574 semipedes
362 1535 457 1562 cum
479 1521 756 1574 anapaestico
778 1519 963 1572 chorico,
989 1522 1064 1560 aut
1084 1520 1326 1573 <ponatur>
1345 1523 1445 1574 post

105 1578 322 1633 dactylum
350 1581 478 1633 atque
506 1579 764 1634 semipedem
785 1578 990 1633 quidquid
1015 1581 1152 1620 restat
1177 1578 1443 1620 hexametro:

200 1733 242 1764 18
268 1729 438 1774 intellige
460 1730 495 1763 Z
565 1733 609 1764 22
635 1728 819 1764 foeliciter
841 1729 898 1762 Τλ
971 1732 1014 1762 23
1040 1729 1111 1763 hoe
1136 1730 1177 1762 tu
1201 1740 1259 1762 me
1286 1739 1358 1763 uno
1388 1729 1444 1763 Τλ

104 1778 208 1820 (crum
232 1787 345 1822 marg).
371 1777 454 1811 add.
486 1777 531 1820 T)
557 1775 627 1811 hoc
654 1776 712 1811 die
738 1787 810 1810 uno
839 1776 871 1810 G
897 1786 986 1811 corr.
1014 1776 1213 1810 Mommsen
1291 1778 1335 1809 25
1362 1787 1445 1820 rep-

101 1823 281 1867 perissem
300 1826 319 1858 λ
344 1824 560 1868 reperissem
583 1824 615 1858 G
640 1823 837 1867 aperissem
861 1823 894 1856 T
964 1827 1008 1857 27
1035 1823 1222 1856 inconexis
1249 1822 1444 1866 Guelplzer-

103 1871 232 1915 bytam'
257 1870 416 1905 imnexis
440 1871 473 1904 T
495 1870 709 1905 inconnexis
734 1871 840 1905 ceteri
861 1871 866 1913 Ι
895 1869 940 1904 de
967 1869 1124 1904 diuersis
1143 1877 1174 1911 ψ
1199 1870 1263 1903 sed
1289 1869 1445 1904 diuersis

106 1916 208 1951 TZG
280 1921 325 1952 28
350 1917 536 1963 nostrum]
563 1929 686 1952 meum
711 1919 730 1950 λ
808 1920 852 1951 29
880 1920 917 1951 et
942 1916 1096 1962 fabulis]
1123 1919 1189 1951 aut
1213 1915 1350 1951 fabulis
1379 1917 1411 1950 T
1438 1917 1442 1961 Ι

101 1964 333 1998 thionianum
359 1967 378 1998 λ
452 1969 496 1999 30
522 1964 687 2009 Dionyso
713 1968 769 2007 ψῖ)
796 1962 965 2008 dyonisio
994 1963 1049 1997 Τλ
1082 1963 1240 1998 dionisio
1268 1963 1300 1998 G
1322 1964 1327 2006 Ι
1355 1964 1444 2007 hyp-

101 2011 220 2056 polito
251 2011 305 2045 Τλ
378 2014 423 2046 34
448 2011 592 2046 medius
619 2023 684 2047 om.
707 2011 750 2053 Z,
775 2012 859 2046 add.
885 2011 1085 2045 Mommsen
1159 2015 1202 2045 35
1229 2010 1351 2045 iocare
1375 2009 1407 2044 G
1438 2010 1441 2054 j

103 2059 141 2092 et
159 2060 234 2093 tres
254 2066 283 2102 ψ
315 2060 352 2093 et
377 2069 434 2093 res
461 2059 495 2092 Z
589 2063 633 2094 36
659 2057 807 2092 diffindi·
833 2061 863 2101 (i-
890 2059 955 2092 del.
983 2061 1015 2092 et
1039 2069 1083 2092 ss.
1105 2070 1165 2103 pr.
1191 2059 1319 2101 untoe)
1345 2057 1378 2091 Τ

103 2109 146 2139 37
179 2116 304 2140 uersus
335 2116 401 2140 om.
427 2105 463 2140 λ1
560 2109 604 2140 38
636 2104 946 2150 penthimemeres
980 2106 1032 2147 (es
1057 2117 1100 2140 ex
1125 2106 1156 2139 is
1183 2106 1257 2148 pr.)
1287 2104 1320 2138 T
1355 2115 1443 2147 pen-

101 2151 312 2187 timemeres
339 2152 372 2187 G
406 2155 410 2195 Ι
445 2151 657 2197 anapestico
680 2155 684 2195 1
713 2151 859 2197 chorico
886 2154 951 2186 aut
981 2151 1013 2185 T
1046 2154 1223 2197 anapesto
1249 2152 1314 2185 aut
1340 2151 1373 2184 G

103 2202 146 2233 39
172 2199 357 2234 trocaicae
384 2199 417 2234 G
492 2203 538 2234 40
564 2201 733 2235 lacunam
758 2200 942 2234 indicauit
967 2199 1053 2233 Birt
1079 2203 1110 2234 et
1135 2200 1190 2233 his
1215 2198 1335 2232 uerbis
1360 2207 1443 2241 par-

101 2245 229 2279 uulum
253 2245 401 2280 initium
428 2258 510 2280 cum
535 2248 615 2281 toto
643 2247 818 2291 expleuit,
853 2248 1013 2291 ponatur
1042 2246 1174 2290 Peiper
1269 2248 1312 2277 41
1342 2244 1441 2287 quic-

103 2292 192 2335 quid
223 2293 256 2327 T
259 2296 276 2327 λ
305 2293 309 2337 Ι
344 2295 531 2328 exametro
561 2294 593 2327 Τ
600 2296 618 2327 λ

1473 653 1516 684 25

1471 946 1516 977 30

1472 1239 1515 1270 35

1471 1532 1515 1563 40
