1563 2511
663 35 981 76 —215—

153 144 195 178 A.
221 155 272 177 XII
299 147 366 178 916
437 137 756 193 Cunctaturque
783 142 898 181 metu
917 142 1132 196 telumque
1152 143 1215 184 in-

647 201 760 239 stare
792 199 1001 240 tremiscit

151 259 193 294 A.
232 274 245 294 1
270 264 338 294 218
436 255 648 310 Spemque
674 259 918 311 metumque
945 258 1057 298 inter
1079 259 1102 283 ‘³‘
1122 259 1214 300 fun-

645 315 790 369 ditque
810 315 889 356 has
911 330 983 358 ore
1003 317 1211 370 loquelas:
1238 323 1279 356 A.
1308 335 1328 356 v
1355 326 1421 357 842

99 383 132 409 15
152 379 193 413 A.
220 392 241 411 x
271 382 337 412 597
437 372 533 414 ‘Per
568 376 628 428 te,
665 388 758 427 per,
801 374 873 428 qui
910 377 951 414 te
982 375 1114 416 talem
1146 390 1213 430 ge-

645 447 793 486 nuere,
825 436 1042 487 parentes,

149 494 189 530 E.
226 507 253 529 11
282 498 322 529 17
434 489 468 532 O
501 490 688 532 formose
721 505 842 545 puer,
873 491 895 513 ‘³²
924 494 1095 533 noctem
1128 507 1214 534 non
1522 506 1563 536 95

645 550 829 603 amplius
863 565 993 591 unam
1240 557 1280 590 A.
1318 570 1329 590 1
1358 560 1424 591 (383

148 613 190 646 A.
206 616 368 646 v1111290
430 607 554 650 Hanc
597 611 661 661 tu,
713 623 806 662 oro,
856 609 993 650 solare
1044 609 1214 663 inopem

644 666 725 708 sset
750 667 950 709 miserere
983 669 1208 721 precantis.
1234 674 1276 707 A.
1307 687 1328 707 x
1357 677 1424 708 598

147 729 190 763 A.
216 743 267 763 κη
289 733 406 770 911sq,
434 724 708 768 Succidimus.
769 741 854 767 non
898 727 1044 781 lingua
1084 727 1213 781 ualet,

642 799 728 826 non
761 799 936 839 corpore
967 788 1095 826 notae

433 842 663 885 Sufficiunt
712 844 842 896 uires,
890 858 967 885 nec
1012 858 1094 885 uox
1140 847 1213 885 aut

642 903 773 943 uerba
807 901 1068 957 sequuntur.⁹

94 970 128 995 20
147 964 368 999 A.v1111219
431 960 509 1001 Ille
548 964 709 1003 autem:
748 960 915 1002 ecausas
953 961 1212 1016 nequiquam

641 1020 778 1061 nectis
810 1019 986 1061 inanes?

146 1081 188 1115 A.
215 1085 354 1116 x11699
430 1078 777 1132 Praecipitatque
821 1093 964 1119 moras
1009 1079 1147 1120 omnis
1499 1089 1563 1120 100

641 1135 892 1191 sssoluitque
924 1137 1141 1190 pudorem.
1229 1142 1271 1175 A.
1299 1154 1353 1175 1111
1381 1145 1424 1176 55

76 1311 153 1342 [358]
662 1298 967 1333 PARECBASIS.

233 1393 453 1436 Hactenus
474 1395 604 1436 castis
631 1394 804 1436 auribus
832 1394 1091 1435 audiendum
1117 1395 1366 1449 mysterium
1386 1410 1489 1450 nup-

145 1452 248 1494 tiale
293 1454 460 1496 ambitu
501 1453 703 1508 loquendi
742 1456 785 1494 et
832 1453 1080 1495 circuitione
1124 1453 1278 1494 uelaui.
1348 1469 1495 1495 uerum

145 1512 345 1565 quoniam
372 1516 415 1554 et
439 1512 728 1554 Fescenninos
755 1515 873 1554 amat
905 1513 1134 1553 celebritas
1166 1513 1372 1566 nuptialis
1406 1527 1495 1553 uer-

144 1571 382 1625 borumque
432 1572 719 1626 petulantiam
761 1574 890 1613 notus
936 1573 1078 1612 uetere
1122 1571 1321 1612 instituto
1367 1572 1492 1612 ludus

147 1629 356 1683 admittit,
388 1633 530 1672 cetera
562 1645 729 1685 quoque
757 1630 944 1672 cubiculi
976 1633 1018 1671 et
1049 1630 1197 1671 lectuli
1224 1633 1373 1684 operta
1398 1645 1492 1684 pro·
1518 1641 1539 1672 5

147 1688 300 1730 dentur
327 1690 380 1730 ab
408 1689 555 1731 eodem
584 1692 755 1731 auctore
783 1690 978 1742 collecta,
1010 1691 1058 1730 ut
1083 1689 1150 1729 bis
1178 1689 1491 1742 erubescamus,

145 1748 217 1802 qui
238 1750 280 1789 et
299 1747 541 1802 Vergilium
567 1748 776 1790 faciamus
802 1748 1105 1801 impudentem.
1155 1762 1245 1801 uos,
1279 1748 1314 1788 si
1341 1748 1491 1802 placet,

145 1805 213 1848 hic
245 1806 330 1848 iam
362 1807 533 1862 legendi
565 1806 738 1848 modum
770 1808 934 1862 ponite:
973 1811 1113 1848 cetera
1152 1806 1331 1848 curiosis
1365 1807 1490 1847 relin-

149 1865 276 1919 quite.

239 2020 283 2052 99
314 2018 562 2061 nequicquam
589 2017 623 2051 Z
719 2020 785 2051 100
818 2015 953 2061 omnis]
984 2015 1056 2050 TG
1094 2027 1219 2050 omnes
1246 2018 1263 2049 λ

240 2068 258 2098 1
286 2064 414 2110 castis]
442 2064 573 2099 erectis
599 2067 617 2098 λ
641 2065 644 2106 1
668 2063 715 2098 ad
740 2062 964 2098 audiendum
991 2066 1008 2096 λ
1032 2064 1036 2107 1
1059 2062 1266 2097 misterium
1287 2062 1321 2096 Z
1340 2064 1345 2106 l
1373 2061 1447 2096 fesc
1463 2071 1496 2095 e-

143 2110 248 2146 ninos
274 2112 308 2145 Z
402 2115 422 2146 5
449 2122 595 2157 quoque
628 2112 758 2156 operta
789 2109 949 2145 cubiculi
983 2112 1020 2144 et
1045 2109 1173 2144 lectuli
1206 2111 1337 2154 operta
1364 2109 1396 2142 T

149 2162 168 2193 7
194 2157 384 2204 uirgilium
410 2159 445 2193 Z
