1563 2511
514 101 561 105 —
627 89 787 117 XXXXV
853 100 900 105 -··

42 201 136 226 eum
156 184 357 225 habuisse
379 182 581 236 suspicor,
602 197 780 236 quorum
803 182 845 222 in
861 183 1059 236 catalogo
1076 198 1106 224 s.
1122 181 1159 222 X
1174 182 1381 235 confecto,

41 243 186 299 (quem
228 257 278 283 ex
310 241 518 283 Muratori
556 241 718 295 antiqq.
750 240 845 281 Ital.
878 240 942 281 Ill
978 241 1211 283 817—824
1244 241 1380 282 denuo

42 301 173 342 edidit
211 301 411 342 GBecker
448 300 493 340 in
535 299 757 353 Catalogis
797 299 1155 340 bibliothecarum
1195 300 1381 354 antiquis

40 376 78 415 p.
100 361 155 402 64
170 358 279 416 sqq.)
306 360 387 400 duo
409 359 589 400 Ausonii
609 361 883 400 recensentur
908 359 1177 411 exemplaria,
1198 359 1380 399 alterum

134 441 171 463 n.
199 432 269 463 416
296 428 455 508 '’lim-lim
487 426 640 462 Ausonii
672 429 804 471 poetae
838 427 852 460 Ι
884 426 922 460 in
953 438 1025 470 quo
1061 427 1243 461 habentur
1272 425 1380 461 Plinii

251 475 339 509 libri
364 475 396 508 Π
418 477 437 493 “

42 549 241 601 alterum,
274 547 386 601 quod
420 548 511 588 sine
543 546 673 587 dubio
705 545 810 586 illud
843 548 908 586 est
941 546 1053 599 quod
1082 546 1383 599 desideramus,

136 629 172 652 fn.
207 621 280 652 610
313 616 370 661 (de
403 616 506 650 libris
538 615 639 649 Petri
670 615 888 658 presbyteri)
924 615 1081 658 „librum
1113 614 1265 649 Ausonii
1296 616 1311 648 Ι
1346 614 1382 648 in

254 675 325 708 quo
353 662 571 707 mictologia
598 661 794 706 Fulgentii.
833 661 1020 696 rhetorica
1046 661 1166 696 Caroli
1194 665 1230 696 et
1257 662 1384 696 Albini

259 714 295 745 et
321 710 649 755 periermeniarum
676 708 811 753 Apulei
838 710 875 743 et
900 709 973 742 alia
1000 709 1194 752 quaedam.

43 785 89 825 hi
127 783 225 825 libri
263 798 349 825 non
387 783 472 824 iam
513 786 719 836 apparent
757 782 801 821 in
837 781 1035 835 catalogo
1075 797 1111 823 a.
1140 783 1249 823 1461
1286 797 1385 824 con-

43 843 167 896 fecto,
200 857 325 896 quem
358 841 490 882 edidit
520 841 730 894 APeyron
764 838 1000 895 (Ciceronis
1033 841 1274 882 orationum
1309 857 1385 895 pro

45 901 201 943 Scauro
224 935 231 943 .
253 934 261 943 .
283 935 290 942 .
311 902 565 955 fragmenta,
587 899 744 953 stuttg.
767 902 809 939 et
829 899 1011 952 Tubing,
1037 900 1147 941 1824
1168 915 1205 954 p.
1224 899 1385 957 1—62)

43 975 180 1015 neque
212 960 443 1015 quidquam
482 959 664 1000 Ausonii
696 957 870 1012 Georgii
904 957 1093 999 Merulae
1133 963 1174 1000 et
1214 959 1387 1015 Georgii

44 1019 231 1060 Galbiati
270 1034 400 1073 opera
438 1017 644 1060 Ludouici
684 1016 867 1058 Sfortiae
900 1016 1018 1057 ducis
1052 1018 1255 1071 auspiciis
1296 1034 1386 1060 sus—

44 1085 168 1133 cepta
204 1078 264 1119 ibi
304 1078 469 1119 inuenit
507 1092 541 1118 a.
585 1077 709 1118 1493.
772 1090 902 1130 quare
941 1090 1035 1116 cun]
1071 1077 1166 1117 aliis
1206 1079 1386 1118 uetustis

43 1138 165 1178 libris
186 1138 321 1177 multo
344 1139 441 1177 ante
468 1136 512 1176 in
532 1135 825 1176 Veronensem
852 1134 1158 1176 bibliothecam
1180 1137 1387 1190 migrasse

44 1196 260 1237 Ausonius
294 1209 461 1249 quoque
495 1194 620 1235 facile
648 1193 878 1235 credendus
906 1191 1036 1249 eritss)
1064 1194 1306 1236 infelicibus
1327 1195 1388 1236 rei

43 1255 278 1295 litterariae
299 1255 448 1308 turbis,
469 1268 575 1307 quae
591 1257 689 1306 post
704 1251 902 1293 Gerberti
925 1252 1092 1294 abbatis
1109 1251 1164 1308 (a.
1181 1255 1266 1295 983
1278 1253 1387 1310 sqq.)

45 1316 230 1354 aetatem
251 1314 503 1368 ingruerunt
522 1312 808 1354 Bobiensibus
830 1308 932 1366 (uid.
948 1311 1129 1365 Peyron.
1144 1328 1183 1367 p.
1200 1313 1261 1354 XI
1278 1312 1388 1370 sqq.)

134 1384 324 1425 Alterius
358 1398 524 1438 quoque
551 1383 777 1424 Bobiensis
811 1381 969 1423 codicis
997 1383 1230 1436 uestigium
1262 1384 1389 1426 facile

45 1443 140 1497 quis
175 1443 255 1484 sibi
288 1443 565 1497 deprendisse
602 1441 874 1496 persuadeat:
914 1455 1012 1481 nam
1052 1442 1260 1484 Aemilius
1293 1443 1390 1485 Fer-

46 1502 198 1542 rarius:
238 1506 479 1548 „adiecimus‚
513 1502 590 1556 ait,
623 1517 665 1539 ex
698 1504 868 1547 catalogo
900 1504 1101 1538 illustrium
1128 1505 1273 1540 urbium
1300 1519 1390 1542 non-

46 1559 148 1593 nulla
174 1560 347 1603 excerpt-a
373 1558 644 1603 epigrammata
679 1569 772 1602 quae
800 1557 982 1601 Georgius
1008 1558 1151 1592 Merula
1183 1559 1392 1603 polyhistor

46 1608 266 1650 praeceptor
284 1606 410 1639 noster
431 1607 468 1639 et
488 1606 684 1651 primarius
711 1602 861 1639 dicendi
881 1603 1014 1639 artifex
1037 1606 1081 1638 in
1101 1606 1391 1642 bibliotheca

46 1658 141 1692 diui
166 1659 403 1703 Eustorgii
429 1659 569 1703 primus
594 1658 823 1703 indagauit.“
874 1669 980 1711 quae
1009 1670 1102 1696 cum
1131 1655 1277 1696 eaden]
1306 1657 1391 1698 Sint

46 1717 174 1767 atque
207 1729 256 1755 ea
295 1728 401 1768 quae
438 1715 484 1754 in
524 1714 689 1755 Tiliano
727 1714 836 1755 libro
874 1716 900 1757 f.
935 1714 1152 1755 6οΥ-62Υ
1189 1714 1392 1769 leguntur

48 1770 151 1827 (uid.
197 1772 306 1813 infra
342 1788 381 1827 p.
414 1770 567 1828 LXX),
614 1774 727 1814 hunc
764 1773 1102 1829 Eustorgianum
1149 1779 1277 1827 atque
1324 1775 1392 1816 Ti-

45 1831 207 1871 lianum
263 1832 441 1872 eundem
501 1846 592 1873 esse
636 1832 791 1873 librum
843 1834 946 1874 olim
1004 1833 1245 1886 suspicatus
1299 1849 1391 1875 sum

47 1888 236 1945 (Ueberl.
271 1905 310 1943 p.
349 1891 433 1931 213
451 1888 541 1946 sq).
591 1906 719 1945 quam
761 1892 1050 1933 coniecturam
1080 1892 1134 1932 ·si
1175 1907 1261 1934 non
1307 1908 1392 1934 am—

141 2031 174 2073 *)
203 2029 278 2065 uid.
300 2029 470 2073 FBlume,
492 2030 566 2065 Iter
586 2031 752 2065 italicum
774 2031 789 2065 Ι
811 2036 889 2066 265.
919 2031 1107 2076 Suspicari
1125 2032 1245 2077 possis
1266 2032 1393 2067 eadem

49 2076 162 2110 fuisse
190 2078 267 2111 fata
293 2077 541 2121 antiquissimi
567 2078 767 2112 uoluminis
794 2078 979 2113 Martialis
1013 2081 1162 2123 poetae,
1196 2080 1299 2114 cuius
1332 2091 1395 2125 pa-

51 2124 169 2168 gellas
204 2124 397 2168 quaspiam
424 2124 670 2159 Bernardinus
703 2126 855 2169 quidam
888 2125 1104 2161 adolescens
1130 2126 1285 2161 Domitii
1313 2139 1394 2171 pro-

50 2171 209 2214 pinquus
248 2171 471 2206 Veronensis
512 2173 763 2207 commodauit
802 2174 945 2217 Angelo
992 2173 1178 2208 Politiano
1224 2173 1394 2218 (Miscell.

52 2228 82 2251 c.
104 2219 175 2260 23).
214 2230 299 2252 nam
321 2217 385 2262 qui
410 2220 448 2253 in
474 2222 600 2254 uetere
622 2220 793 2264 catalogo
819 2219 993 2255 Bobiensi
1019 2223 1246 2255 memoratur
1272 2234 1304 2255 n.
1328 2226 1395 2255 366

52 2266 89 2298 et
114 2269 181 2299 367
215 2265 399 2300 Martialis
433 2277 515 2301 cum
548 2266 673 2302 Persio
708 2269 887 2312 sociatus,
922 2268 999 2302 eius
1027 2268 1130 2302 nulla
1156 2269 1333 2303 memoria
1359 2269 1395 2302 in

53 2312 223 2357 catalogo
250 2325 280 2347 a.
312 2317 412 2348 1461.
