1563 2511
673 33 986 73 —474-

230 140 273 172 89
302 137 346 171 cf.
377 136 459 171 Val.
487 135 586 170 Max.
615 135 630 169 I
657 138 730 171 ext.
758 140 777 171 2
806 148 860 171 ex.
889 141 909 171 3
936 137 984 171 in.

230 188 274 219 94
302 184 445 219 Paulin.
466 183 547 219 uita
567 183 718 218 Martini
738 183 787 218 VI
807 183 936 229 (Mign.
958 183 1040 218 LXI
1061 195 1096 228 p.
1123 186 1212 219 1068
1229 182 1281 228 C.)
1302 183 1446 218 insania
1467 212 1474 219 .
1497 209 1505 219 .

303 231 537 276 spumantem
557 230 723 276 gladium
744 233 932 266 rorantem
947 231 985 266 et
1003 230 1182 274 sanguine
1202 231 1369 266 dextram
1393 231 1508 266 uertit

301 279 340 312 in
367 280 554 313 auctorem
581 278 730 313 sceleris
756 279 817 313 uix
844 278 956 313 caede
983 280 1146 323 peracta.

302 325 349 360 cf.
379 325 410 362 (I
437 336 494 370 ep.
521 328 578 367 24,
606 329 626 360 8
653 327 841 361 auctorem
869 327 910 360 ut
935 326 1071 360 feriant
1095 325 1173 360 tela
1197 326 1337 360 retorta
1363 336 1481 360 suum.

303 372 411 407 Ouid.
438 373 476 407 F.
505 371 537 405 V
564 375 607 407 42
634 372 749 408 uertit
774 373 811 407 in
838 374 1006 407 auctores
1033 370 1198 417 pondera
1222 374 1331 408 uasta
1357 383 1453 408 suos.

302 419 442 456 Seneca
466 420 575 455 Hero.
605 423 671 455 735
700 422 887 456 auctorem
914 419 1032 455 scelus
1058 419 1207 465 repetit.

708 513 776 549 XV
803 513 955 549 FASTI.

157 585 173 619 1
201 590 217 621 1
247 586 280 623 (I
306 585 403 620 Fast.
431 585 500 620 IIII
529 589 563 620 1:
604 585 704 620 urbis
730 585 777 620 ab
804 586 975 620 aeternae
1004 613 1009 620 .
1040 610 1047 618 .
1077 610 1085 619 .

253 637 273 667 5
299 632 462 668 quenal.
484 633 551 667 VH
572 636 614 667 27
641 632 772 678 frange
798 633 909 666 miser
930 632 1091 667 calamos
1112 631 1343 677 uigilataque
1364 632 1507 676 proelia

255 730 273 760 7
303 681 430 772 (1116Ιὲ1).
458 726 597 761 XXIIII
625 731 667 761 13
693 726 852 761 totidem
878 727 1053 761 uenturos
1081 736 1231 761 consere
1257 726 1375 762 Ianos.

300 773 464 809 Marcell.
493 774 538 808 de
563 773 661 808 med.
690 777 733 809 78
759 775 816 808 tot
843 774 958 818 agant
983 774 1049 807 tua
1072 774 1244 818 tempora
1269 774 1389 808 Ianos.

159 820 211 854 ΠΙ
236 825 255 855 3
282 820 445 856 Martial.
471 821 521 855 XI
548 824 579 865 8,
609 825 650 855 13
678 820 771 856 scire
799 821 902 865 cupis
929 831 1074 855 nomen.

424 914 508 950 XVI
540 914 749 951 GRIPHUS
777 914 1011 950 TERNARII
1037 914 1241 950 NUMERI.

159 986 336 1031 Griphus:
364 986 588 1031 Hesychius:
616 991 761 1031 γρῖφοι
790 984 836 1021 τὰ
864 984 904 1021 ἐν
925 990 1002 1026 τοῖς
1021 989 1147 1026 ποτοῖς
1175 984 1383 1041 βαλλόμενα
1403 984 1508 1031 ζητή-

301 1048 411 1079 ματα.
434 1036 611 1079 Ιγρῐφος·
627 1031 834 1079 συμποτικὴ
849 1030 1288 1078 ζήτησιςαίνιγματώδης.
1312 1034 1507 1078 Ιγρίφους

303 1080 542 1164 ἕξεῖἧῖέῗέοξῐᾱ
563 1128 694 1171 Odyss
715 1141 750 1173 p.
776 1132 877 1172 1769,
899 1132 918 1162 5
941 1130 977 1163 et
999 1131 1101 1170 1926,
1123 1131 1167 1162 57
1193 1132 1327 1172 γρῖφος
1352 1109 1513 1173 αἴνιγμα·

300 1176 362 1210 καὶ
391 1173 571 1216 ὃύςκολον
599 1174 740 1220 ζήτημα
768 1173 808 1211 ἐν
835 1176 1052 1220 συμποσίοις
1078 1177 1148 1210 etc.

303 1223 440 1268 Appul.
468 1223 566 1258 Flor.
593 1235 629 1257 n.
658 1227 677 1257 9
705 1223 837 1257 satiras
865 1233 907 1257 ac
933 1223 1096 1267 griphos.
1129 1223 1175 1258 cf.
1202 1222 1341 1257 Marius
1362 1222 1505 1258 Plotius

303 1275 384 1315 462,
414 1274 467 1306 19.

158 1318 274 1362 praef.
304 1322 321 1352 1
351 1318 486 1353 Catuli.
516 1323 549 1361 1,
575 1321 594 1352 3
621 1329 722 1352 meas
750 1345 756 1351 .
786 1342 794 1351 .
820 1329 950 1362 nugas.

255 1369 274 1400 3
301 1365 509 1400 Euclionis:
548 1364 669 1399 Plaut.
697 1364 778 1399 Aul.
801 1364 851 1399 III
879 1369 910 1406 4
939 1367 996 1406 6(
987 1365 1083 1408 (457)
1112 1375 1190 1408 sqq.
1237 1364 1397 1409 (Euclio)
1425 1375 1508 1399 con-

303 1413 415 1458 digne
448 1412 562 1447 etiam
594 1423 697 1447 meus
729 1423 787 1446 me
820 1412 919 1446 intus
951 1411 1196 1456 gallinaceus,
1229 1413 1292 1456 qui
1318 1414 1397 1446 eiat
1423 1412 1510 1446 anni

301 1459 518 1505 peculiaris,
545 1459 708 1504 peididit
741 1459 987 1504 paenissume.
1020 1459 1085 1493 ubi
1118 1460 1197 1494 erat
1229 1460 1321 1494 haec
1353 1458 1508 1502 defossa,

302 1507 449 1552 occepit
474 1506 527 1542 ibi
552 1506 772 1551 scalpurrire
798 1505 948 1551 ungulis
975 1506 1113 1541 circum
1138 1506 1248 1541 circa.

255 1557 275 1588 8
304 1558 347 1589 10
374 1554 407 1591 ΙΙ
432 1554 510 1588 Ecl
540 1558 556 1588 1
587 1558 603 1587 1
633 1554 692 1588 cui
718 1554 814 1588 dono
839 1553 1006 1598 lepidum
1032 1564 1183 1589 nomum
1208 1553 1399 1589 libellum?
1429 1579 1436 1587 .
1465 1583 1470 1588 .
1501 1581 1507 1588 .

300 1606 322 1636 4
349 1604 389 1637 at
412 1612 479 1637 nos
505 1601 711 1646 inlepidum
737 1601 864 1636 rudem
891 1601 1059 1636 libellum
1087 1626 1094 1634 .
1124 1628 1130 1635 .
1160 1626 1168 1634 .

254 1653 274 1684 9
302 1648 515 1694 Symmachi
543 1660 598 1694 ep
626 1648 641 1682 I
670 1652 712 1683 14
739 1651 866 1693 (supra
890 1660 928 1693 p.
958 1652 1034 1690 141,
1064 1649 1139 1692 12):
1166 1649 1232 1683 aut
1256 1644 1507 1693 ἅμουσότερος

300 1696 372 1731 tibi
398 1696 563 1731 uidebar.

232 1747 274 1778 13
301 1743 350 1788 S>
354 1743 543 1788 mphosius
576 1743 691 1788 praef.
721 1747 740 1777 9
769 1743 887 1777 nescis
914 1754 1004 1787 quas
1031 1754 1097 1787 pas
1082 1742 1169 1777 ssim
1198 1768 1205 1776 .
1235 1768 1243 1776 .
1271 1768 1279 1777 .
1306 1754 1423 1787 nugas
1451 1743 1507 1778 est

301 1791 486 1826 meditata
512 1790 590 1833 diu3
618 1790 681 1825 sed
708 1789 842 1825 frivola
867 1789 971 1825 nulla
996 1790 1123 1825 locuta
1149 1792 1216 1825 est.
1263 1790 1295 1827 (I
1315 1789 1382 1835 Ep.
1405 1789 1508 1824 XIIII

303 1842 345 1872 67
372 1838 551 1882 mysteria
576 1837 723 1880 friuola,
749 1848 878 1882 nugas.

232 1888 274 1919 13
301 1885 417 1930 gerris
451 1885 602 1920 Siculis:
642 1885 749 1919 Pauli
788 1884 883 1919 diac.
912 1895 989 1919 exc.
1024 1888 1085 1921 94.
1118 1888 1140 1918 4
1165 1885 1215 1919 M.
1266 1883 1508 1919 Athenienses

304 1943 386 1966 cum
420 1931 620 1976 Syracusas
660 1932 876 1967 obsiderent
913 1935 950 1967 et
987 1932 1113 1967 crebro
1145 1942 1271 1977 gerras
1301 1933 1507 1976 poscerent,

304 1979 482 2014 iridentes
510 1978 625 2014 Siculi
651 1990 776 2024 gerras
803 1979 1060 2015 clamitabant.

234 2030 274 2061 17
302 2026 563 2071 Aesculapius:
605 2026 636 2063 (I
664 2026 709 2061 cf.
738 2025 853 2061 Cento
880 2025 996 2071 praef.
1025 2030 1081 2061 29.

234 2077 275 2108 18
301 2072 427 2109 Plato:
466 2073 600 2118 Appul.
636 2073 680 2107 de
720 2085 817 2117 mag.
853 2085 883 2108 c.
922 2077 963 2108 10
998 2073 1164 2108 Platonis
1203 2072 1306 2108 nulla
1344 2074 1508 2112 carmina

303 2122 432 2156 extant
450 2120 523 2154 nisi
543 2121 679 2156 amoris
706 2120 843 2165 elegia:
870 2130 955 2155 nam
978 2122 1101 2155 cetera
1120 2119 1255 2163 omnia,
1276 2119 1386 2155 credo
1408 2121 1506 2164 quod

301 2170 377 2203 tam
413 2168 538 2212 lepida
563 2179 634 2202 non
662 2171 778 2210 erant,
805 2167 882 2211 igni
910 2167 1058 2202 deussit.
1110 2167 1218 2211 Diog.
1246 2167 1368 2202 Laert.
1396 2167 1447 2202 ΙΙΙ
1475 2172 1504 2203 8.

231 2218 275 2249 30
302 2215 418 2250 Varro
453 2215 551 2250 Men.
585 2219 651 2250 305
685 2214 725 2248 B.
763 2215 957 2260 spongiam
994 2214 1182 2249 deletilem
1216 2213 1248 2250 (I
1273 2214 1342 2260 Ep.
1369 2214 1435 2248 XV
1463 2219 1507 2250 54

301 2262 445 2298 oblinat
472 2288 479 2295 .
509 2288 516 2295 .
545 2262 727 2307 sphongia
755 2262 906 2306 sepiam.

230 2313 273 2344 37
302 2309 440 2345 sobrio:
475 2309 669 2354 Symphos.
696 2309 811 2354 praef.
842 2314 881 2344 17
910 2309 957 2344 da
982 2308 1129 2344 ueniam
1156 2308 1282 2353 lect-or,
1309 2309 1408 2353 quod
1435 2320 1507 2344 non
