1563 2511
636 89 956 132 ——230—

114 195 235 237 Haec
268 196 310 236 et
342 208 451 249 quae
482 196 663 249 possunt
693 194 882 248 placidos
916 195 1128 237 offendere
1161 210 1315 249 mores,

176 253 346 309 Cogunt
376 253 559 308 relinqui
592 253 778 307 moenia,
1418 266 1462 297 30

115 311 272 354 Dulcia
304 312 458 354 secreti
490 315 739 367 repetantur
770 315 817 353 ut
849 312 939 353 otia
970 312 1101 366 ruris,

176 370 317 426 Nugis
351 385 529 413 amoena
562 371 696 413 seriis.

114 430 327 484 Tempora
360 430 562 484 disponas
593 429 668 471 ubi
700 432 748 470 tu
780 431 854 470 tua
885 429 1036 483 iusque
1067 431 1190 470 tuum
1222 430 1298 484 sit,

175 487 237 529 Vt
267 489 330 530 nil
363 502 466 544 agas
499 489 567 530 uel
601 488 713 543 quod
745 488 876 529 uoles.

115 546 184 588 Ad
217 562 323 601 quae
357 547 393 588 si
425 562 650 601 properas,
681 549 777 588 tota
809 561 904 588 cum
937 561 1074 588 merce
1106 549 1277 588 tuarum
1419 559 1462 590 35

174 605 287 647 Veni
319 620 591 647 camenarum
624 606 746 647 citus.

111 664 380 719 Dactylicos,
413 665 577 718 elegos,
609 664 904 705 choriambum
938 678 1129 715 carmen,
1161 665 1337 719 epodos,

171 722 292 765 Socci
326 725 368 764 et
400 723 572 764 coturni
604 723 813 763 musicam

110 781 338 836 Carpentis
370 781 543 836 impone
576 781 686 822 tuis:
717 795 819 822 nam
850 782 945 822 tota
977 781 1168 835 supellex

169 839 328 881 Vatum
361 840 530 894 piorum
564 840 739 881 chartea
773 842 848 881 est.
1418 851 1462 882 40

109 898 347 941 Nobiscum
380 899 575 940 inuenies
607 895 702 940 κατ’
739 898 938 950 ἐναντία,
978 897 1014 939 si
1045 898 1157 940 libet
1189 899 1251 940 uti

168 956 270 999 Non
302 964 482 1012 προῖκα,
515 957 589 999 sed
622 957 785 998 Graeca
816 957 910 998 fide.

39 1098 98 1123 vn
119 1098 183 1129 [400
196 1098 250 1128 Ep.
265 1100 308 1129 κῃ
474 1083 785 1119 RESCRIPTVM
810 1083 970 1119 PAVLO
1000 1084 1101 1119 SVO.

62 2180 98 2212 Z

198 1168 359 1211 Versus
397 1183 514 1210 meos
555 1169 653 1210 utili
694 1171 737 1210 et
776 1168 948 1210 conscio
989 1169 1071 1210 sibi
1106 1172 1266 1222 pudore
1306 1169 1463 1211 celatos

109 1228 297 1270 carmine
335 1230 409 1269 tuo
449 1230 491 1268 et
531 1242 725 1269 sermone
765 1227 1013 1280 praemissis
1053 1227 1153 1268 dum
1193 1230 1318 1281 putas
1358 1227 1464 1281 elici,

109 1287 370 1340 repressisti:
405 1301 504 1327 nam
532 1286 605 1340 qui
630 1286 722 1341 ipse
748 1285 958 1327 facundus
987 1289 1027 1327 et
1052 1286 1238 1327 musicus
1266 1285 1464 1328 editionis

110 1345 274 1387 alienae
311 1345 524 1400 prolectat
563 1345 803 1398 audaciam,
843 1345 1041 1395 consilio,
1081 1359 1161 1397 quo
1196 1344 1360 1399 suadet,
1399 1360 1465 1386 ex—

109 1406 254 1446 terret.
328 1407 449 1459 tegat
493 1406 665 1458 oportet
709 1404 878 1445 auditor
923 1403 1163 1445 doctrinam
1208 1418 1348 1456 suam,
1392 1404 1463 1459 qui

109 1463 229 1504 uolet
255 1463 309 1504 ad
337 1463 562 1504 dicendum
596 1463 830 1504 sollicitare
858 1462 1157 1516 trepidantem,
1183 1477 1260 1504 nec
1288 1463 1466 1504 emerita

111 1521 340 1563 aduersum
387 1522 627 1563 tirunculos
673 1536 792 1562 arma
837 1521 1054 1563 concutiat
1097 1523 1303 1562 ueterana
1348 1521 1465 1563 calli-

111 1580 235 1622 ditas.
299 1581 434 1622 sensit
471 1581 553 1622 hoc
585 1580 731 1621 Venus
771 1580 821 1621 de
854 1580 1186 1635 pulchritudinis
1218 1580 1363 1635 palma
1396 1579 1466 1621 diu

111 1639 315 1693 ambiguo
362 1639 571 1693 ampliata
616 1639 785 1680 iudicio.
848 1639 1057 1693 pudenter
1103 1639 1215 1680 enim
1259 1642 1307 1680 ut
1353 1639 1465 1693 apud

111 1700 279 1752 patrem
310 1699 453 1739 uelata
486 1699 727 1740 certauerat
752 1712 830 1739 nec
857 1698 1098 1739 deterrebat
1125 1698 1314 1739 aemulas
1342 1712 1464 1739 orna-

206 1825 274 1860 VH
301 1830 320 1861 8
348 1824 488 1871 Vergil.
512 1825 544 1858 A
569 1824 602 1859 X
624 1829 665 1860 1ss
682 1836 760 1869 sqq.

208 1934 252 1965 32
279 1941 412 1966 amena
441 1931 527 1966 ΤΜ
549 1941 705 1966 amoena
734 1931 765 1965 G
794 1931 912 1965 amica
940 1933 977 1965 et
997 1931 1178 1965 Heinsius
1250 1934 1293 1965 33
1322 1941 1464 1965 camoe-

112 1988 244 2012 narum
275 1977 348 2013 TG
428 1982 471 2012 37
499 1978 693 2013 dact-ilices
724 1978 756 2012 T
780 1978 947 2022 dactylos
974 1979 1023 2013 M
1039 1979 1043 2019 Ι
1067 1978 1304 2022 coryambum
1334 1977 1366 2011 T
1389 1988 1466 2012 cor-

113 2024 279 2059 iambum
308 2025 342 2060 G
364 2027 367 2067 Ι
391 2026 430 2060 et
454 2026 567 2069 pedes
596 2025 645 2059 M
730 2028 774 2059 38
802 2024 962 2071 coturni]
992 2025 1082 2060 ΜΘ
1108 2024 1279 2060 cothurni
1308 2024 1340 2059 T
1421 2027 1466 2058 40

114 2071 268 2107 carthea
296 2072 330 2107 G
356 2072 487 2107 cartha
516 2073 549 2106 T
572 2073 696 2107 eartca
718 2072 766 2105 Μ
838 2076 879 2106 41
909 2072 1127 2107 katenantia
1151 2072 1183 2106 T
1191 2072 1224 2107 G
1250 2071 1467 2106 catenancia

163 2122 207 2154 42
233 2123 370 2163 προῖκα
404 2119 516 2163 ῙΓείΖ,
544 2129 666 2164 poena
695 2119 727 2153 T
749 2130 883 2163 poema
908 2119 953 2153 M
977 2130 1098 2164 penna
1127 2119 1160 2154 G

210 2177 278 2212 VII
328 2182 348 2212 3
376 2177 455 2224 qui]
483 2188 554 2221 que
583 2178 631 2211 Μ
657 2179 661 2221 1
693 2177 869 2211 edictioni
900 2177 933 2212 T
961 2177 1115 2212 editioni
1144 2177 1236 2212 GM
1259 2188 1348 2212 corr.
1377 2176 1465 2212 Gro-

115 2225 250 2260 noufius
347 2228 368 2259 4
399 2225 600 2270 prolectat]
634 2224 789 2268 q‚lectat
818 2225 850 2259 T
881 2226 885 2267 1
928 2224 1017 2270 quo]
1047 2235 1116 2267 que
1144 2224 1193 2258 M
1284 2228 1304 2259 8
1331 2224 1465 2268 pulcri-

116 2272 257 2307 tudinis
288 2272 373 2307 ΤΜ
466 2277 485 2307 9
512 2272 714 2316 prudenter
743 2272 775 2307 G
875 2276 916 2305 10
944 2272 1083 2306 uellata
1111 2271 1145 2307 G
1167 2272 1171 2315 Ι
1194 2282 1261 2306 nec
1290 2271 1323 2306 T
1346 2281 1465 2316 neque

119 2319 214 2353 GM
233 2321 237 2363 Ι
262 2319 455 2354 deterebat
484 2319 517 2354 Τ

1494 1707 1535 1737 10
