1563 2511
677 46 994 88 —380-

159 153 206 194 in
239 152 469 194 concilium
500 153 750 206 proceribus
783 152 1005 194 aduocatis
1039 152 1290 194 mandatum
1323 152 1438 194 Iouis
1469 156 1511 194 et
1540 163 1563 193 κ

160 212 345 266 speciem
377 213 613 252 nocturnae
641 211 796 266 quietis
824 212 1038 266 explanat.
1082 225 1182 253 mox
1201 211 1245 253 in
1266 211 1510 254 contionem

158 270 436 311 multitudine
464 273 725 326 congregata
750 272 1013 325 pertemptat
1038 270 1223 312 militum
1244 271 1511 312 uoluntatem

158 331 292 383 utque
330 329 526 384 deposito
566 330 678 371 bello
719 330 771 371 ad
808 345 885 371 sua
917 329 1095 384 quisque
1127 330 1323 384 redeant,
1362 330 1512 372 cohor-

158 389 288 429 tatur.
361 388 533 443 iamque
585 389 782 430 omnibus
833 389 1156 444 nauigationem
1203 389 1512 430 adornantibus

158 447 284 488 foeda
311 447 515 489 discessio
543 448 596 489 ab
623 447 750 489 Vlixe
777 448 1017 490 cohibetur.
1061 462 1085 488 a
1113 462 1195 501 quo
1223 448 1354 489 etiam
1379 447 1509 489 Ther·
1540 460 1563 490 1⁴

159 506 264 548 sites
309 506 510 548 deformis
554 510 596 548 et
639 508 797 561 loquax
843 508 885 548 et
928 507 973 548 in
1011 507 1189 549 heroum
1229 507 1512 548 contumelias

158 565 390 606 uerborum
427 565 604 607 licentia
638 568 865 620 promptus
899 580 990 607 cum
1024 565 1178 606 acerba
1211 565 1513 619 obiurgatione

157 623 367 678 pulsatur.
416 625 508 678 ipse
536 624 758 665 Mineruae
791 624 958 665 monitu
991 626 1165 665 cunctos
1198 639 1222 665 a
1248 625 1512 677 profectione

160 682 358 724 deterret.
409 685 581 737 sumpto
609 683 761 724 deinde
782 682 876 724 cibo
899 685 1090 724 armatur
1111 683 1334 725 exercitus.
1377 697 1513 738 neque

160 742 293 782 setius
333 756 357 782 a
390 740 589 783 Troianis
628 741 841 783 instructa
881 741 1012 795 acies,
1052 741 1167 783 Iride
1203 743 1265 783 ita
1298 744 1512 796 monente,
1538 754 1558 785 2

158 800 419 854 producitur.
477 801 670 854 sequitur
703 801 969 842 enumeratio
1003 801 1222 854 copiarum
1254 801 1433 853 uiritim,
1465 805 1513 843 ut

159 873 236 913 per
281 859 471 914 catalogi
516 860 669 900 seriem
715 859 894 913 milites,
943 874 1096 913 nanee,
1146 860 1291 915 duces,
1333 861 1512 915 patriae,

161 920 425 960 retexantur.

304 1112 432 1161 Αὐτὰρ
461 1114 543 1151 ἐπεὶ
568 1116 763 1162 κόσμηθεν
789 1114 856 1162 ἅμ’
885 1113 1129 1162 ἡγεμόνεσσιν
1157 1116 1307 1152 ἕκαστοι

303 1187 462 1232 Argiuos
490 1199 557 1222 sua
582 1199 766 1232 quemque
793 1188 891 1223 acies
917 1187 955 1222 in
981 1188 1081 1223 bella
1107 1190 1299 1232 secuntur,

300 1233 485 1279 Dispositi
510 1235 547 1269 in
574 1237 714 1270 turmas
742 1236 908 1280 equitum
935 1246 1144 1279 cuneosque
1173 1236 1375 1279 pedestres.

302 1280 466 1316 Turbida
492 1282 708 1328 clangentes
736 1283 967 1317 confundunt
993 1283 1143 1327 agmina
1168 1282 1291 1318 Troes.

248 1366 515 1407 Instructum
551 1367 714 1420 proelio
753 1368 1000 1421 exercitum,
1038 1368 1290 1421 priusquam
1328 1367 1512 1409 ferueret
1539 1381 1558 1411 5

161 1425 284 1478 acies,
319 1425 515 1466 Priamus
549 1429 717 1479 spectat
749 1440 770 1467 e
803 1427 936 1467 muris
969 1429 1012 1468 et
1044 1429 1291 1468 monstratu
1322 1426 1511 1468 Helenae

160 1484 210 1524 de
242 1484 349 1525 uiris
382 1484 623 1539 insignibus
657 1485 871 1526 edocetur.
923 1485 1075 1527 dehinc
1101 1484 1321 1526 Menelaus
1350 1486 1402 1527 ad
1429 1486 1511 1526 sin-

162 1543 312 1597 gulare
339 1546 556 1585 certamen
583 1545 636 1585 ab
664 1544 910 1586 Alexandro
938 1546 1209 1599 prouocatur.
1254 1545 1326 1599 qui
1352 1545 1512 1586 frustra

158 1602 483 1657 Agamemnone
510 1603 766 1645 dehortante
792 1604 1081 1658 congreditur,
1106 1604 1223 1645 facta
1242 1605 1354 1645 inter
1374 1606 1511 1646 utros-

159 1675 240 1715 que
284 1662 466 1716 populos
507 1663 739 1717 sponsione
778 1666 820 1704 et
858 1662 1030 1705 foedere
1068 1678 1144 1717 per
1183 1677 1302 1704 sacra
1338 1663 1509 1704 firmato
1540 1675 1563 1705 κ

159 1720 237 1761 sub
278 1735 328 1761 ea
360 1721 629 1776 condicione,
669 1725 719 1763 ut
749 1723 958 1763 uictorem
990 1721 1157 1764 Helena
1189 1737 1285 1764 cum
1318 1722 1416 1763 dote
1449 1736 1509 1763 se—

161 1782 373 1833 queretur.
425 1781 497 1822 sed
531 1784 757 1835 superatus
784 1781 906 1822 Paris
939 1795 1243 1835 regressusque
1277 1781 1327 1822 ad
1360 1781 1510 1822 urbem

256 1947 296 1977 11
325 1944 501 1978 concione
527 1944 563 1978 P
584 1954 674 1979 corr.
702 1944 833 1988 Peiper
921 1949 962 1979 13
990 1944 1146 1988 quisque
1175 1945 1226 1978 ΡΒ
1251 1944 1386 1988 quique
1420 1944 1509 1989 790-

159 1990 247 2024 letus
281 1991 286 2034 Ι
321 1991 539 2025 cohartatur
574 1991 610 2025 P
707 1996 749 2025 14
786 1992 1090 2036 nauigationibus
1118 1992 1154 2026 P
1247 1995 1290 2027 15
1321 1991 1408 2027 feda
1442 1992 1506 2037 Pl

156 2036 336 2119 ξέἒξὲἰὺὲῗε
357 2038 394 2071 Ρ
495 2042 537 2072 16
576 2039 749 2073 herorum
783 2039 834 2072 ΡΒ
942 2043 983 2073 17
1022 2041 1189 2084 promtus
1224 2039 1261 2073 P
1356 2042 1400 2073 20
1438 2041 1510 2073 tro-

254 2148 271 2178 1
312 2133 509 2188 Ᾱγτᾱρετιῐ
542 2155 721 2179 Recmmcn
755 2157 851 2179 aum
884 2157 1175 2180 enonecmencror
1200 2145 1237 2179 P
1331 2149 1351 2179 4
1379 2144 1509 2189 Troes]

156 2201 239 2226 reos
266 2191 304 2225 P
397 2195 416 2225 5
452 2191 526 2236 filio
554 2192 590 2226 P
620 2194 624 2235 1
664 2192 827 2227 serueret
863 2192 994 2237 Pez'per
1035 2192 1162 2227 feriret
1193 2193 1230 2227 P
1322 2196 1343 2226 8
1370 2192 1453 2227 alei
1479 2192 1515 2226 P

204 2243 224 2273 9
264 2249 467 2283 agameone
502 2239 538 2273 P
576 2241 580 2283 Ι
622 2240 815 2275 deortante
848 2240 883 2273 P
978 2244 1020 2274 10
1058 2239 1182 2274 federe
1211 2240 1247 2273 P
1344 2244 1384 2274 11
1426 2250 1509 2275 con-

158 2285 321 2321 dictione
348 2287 384 2320 P
405 2297 495 2321 corr.
524 2287 714 2322 Amantius
