<?xml version="1.0" encoding="UTF-8"?>
<!DOCTYPE html PUBLIC "-//W3C//DTD XHTML 1.0 Transitional//EN"
    "http://www.w3.org/TR/xhtml1/DTD/xhtml1-transitional.dtd">
<html xmlns="http://www.w3.org/1999/xhtml" xml:lang="en" lang="en">
 <head>
  <title>
</title>
<meta http-equiv="Content-Type" content="text/html;charset=utf-8" />
  <meta name='ocr-system' content='tesseract 3.04.00' />
  <meta name='ocr-capabilities' content='ocr_page ocr_carea ocr_par ocr_line ocrx_word'/>
</head>
<body>
  <div class='ocr_page' id='page_1' title='image "./opuscula00ausouoft_0570.png"; bbox 0 0 1563 2511; ppageno 0'>
   <div class='ocr_carea' id='block_1_1' title="bbox 632 39 948 81">
    <p class='ocr_par' dir='ltr' id='par_1_1' title="bbox 632 39 948 81">
     <span class='ocr_line' id='line_1_1' title="bbox 632 39 948 81; baseline 0 0"><span class='ocrx_word' id='word_1_1' title='bbox 632 39 948 81; x_wconf 79' lang='lat'>—436—</span> 
     </span>
    </p>
   </div>
   <div class='ocr_carea' id='block_1_2' title="bbox 114 144 1465 437">
    <p class='ocr_par' dir='ltr' id='par_1_2' title="bbox 176 144 1058 195">
     <span class='ocr_line' id='line_1_2' title="bbox 176 144 1058 195; baseline -0.003 -6"><span class='ocrx_word' id='word_1_2' title='bbox 176 145 417 189; x_wconf 85' lang='lat' dir='ltr'>Concussus</span> <span class='ocrx_word' id='word_1_3' title='bbox 451 145 576 187; x_wconf 86' lang='lat' dir='ltr'>dixit:</span> <span class='ocrx_word' id='word_1_4' title='bbox 609 144 737 195; x_wconf 68' lang='lat' dir='ltr'><strong>&lt;Quid</strong></span> <span class='ocrx_word' id='word_1_5' title='bbox 768 146 849 187; x_wconf 85' lang='lat' dir='ltr'>tibi</span> <span class='ocrx_word' id='word_1_6' title='bbox 882 145 1058 187; x_wconf 88' lang='lat' dir='ltr'>diuitiae</span> 
     </span>
    </p>

    <p class='ocr_par' dir='ltr' id='par_1_3' title="bbox 115 204 1465 319">
     <span class='ocr_line' id='line_1_3' title="bbox 115 204 1465 260; baseline 0 -13"><span class='ocrx_word' id='word_1_7' title='bbox 115 204 242 247; x_wconf 90' lang='lat' dir='ltr'>Nunc</span> <span class='ocrx_word' id='word_1_8' title='bbox 273 207 474 260; x_wconf 75' lang='lat' dir='ltr'>prosunt,</span> <span class='ocrx_word' id='word_1_9' title='bbox 506 218 656 260; x_wconf 82' lang='lat' dir='ltr'>regum</span> <span class='ocrx_word' id='word_1_10' title='bbox 688 219 761 246; x_wconf 83' lang='lat' dir='ltr'>rex</span> <span class='ocrx_word' id='word_1_11' title='bbox 793 219 817 246; x_wconf 91' lang='lat'>0</span> <span class='ocrx_word' id='word_1_12' title='bbox 851 204 1078 257; x_wconf 82' lang='lat' dir='ltr'>ditissime,</span> <span class='ocrx_word' id='word_1_13' title='bbox 1111 218 1206 246; x_wconf 91' lang='lat' dir='ltr'>cum</span> <span class='ocrx_word' id='word_1_14' title='bbox 1239 205 1298 246; x_wconf 84' lang='lat' dir='ltr'>sis</span> <span class='ocrx_word' id='word_1_15' title='bbox 1446 215 1465 247; x_wconf 82' lang='lat'>5</span> 
     </span>
     <span class='ocr_line' id='line_1_4' title="bbox 176 263 1164 319; baseline -0.001 -14"><span class='ocrx_word' id='word_1_16' title='bbox 176 263 296 306; x_wconf 86' lang='lat' dir='ltr'>Sicut</span> <span class='ocrx_word' id='word_1_17' title='bbox 328 276 408 318; x_wconf 82' lang='lat' dir='ltr'>ego</span> <span class='ocrx_word' id='word_1_18' title='bbox 443 264 577 318; x_wconf 84' lang='lat' dir='ltr'>solus,</span> <span class='ocrx_word' id='word_1_19' title='bbox 609 278 675 305; x_wconf 89' lang='lat' dir='ltr'>me</span> <span class='ocrx_word' id='word_1_20' title='bbox 708 278 874 319; x_wconf 89' lang='lat' dir='ltr'>quoque</span> <span class='ocrx_word' id='word_1_21' title='bbox 907 263 1164 317; x_wconf 78' lang='lat' dir='ltr'>pauperior?</span> 
     </span>
    </p>

    <p class='ocr_par' dir='ltr' id='par_1_4' title="bbox 114 322 1465 437">
     <span class='ocr_line' id='line_1_5' title="bbox 114 322 1465 377; baseline -0.001 -13"><span class='ocrx_word' id='word_1_22' title='bbox 114 322 229 364; x_wconf 85' lang='lat' dir='ltr'>Nam</span> <span class='ocrx_word' id='word_1_23' title='bbox 262 336 553 377; x_wconf 84' lang='lat' dir='ltr'>quaecumque</span> <span class='ocrx_word' id='word_1_24' title='bbox 585 323 735 376; x_wconf 84' lang='lat' dir='ltr'>habui,</span> <span class='ocrx_word' id='word_1_25' title='bbox 767 337 934 364; x_wconf 87' lang='lat' dir='ltr'>mecum</span> <span class='ocrx_word' id='word_1_26' title='bbox 967 322 1074 364; x_wconf 84' lang='lat' dir='ltr'>fero:</span> <span class='ocrx_word' id='word_1_27' title='bbox 1108 337 1203 364; x_wconf 89' lang='lat' dir='ltr'>cum</span> <span class='ocrx_word' id='word_1_28' title='bbox 1235 322 1343 363; x_wconf 87' lang='lat' dir='ltr'>nihil</span> <span class='ocrx_word' id='word_1_29' title='bbox 1374 323 1465 377; x_wconf 85' lang='lat' dir='ltr'>ipse</span> 
     </span>
     <span class='ocr_line' id='line_1_6' title="bbox 175 380 1154 437; baseline -0.002 -13"><span class='ocrx_word' id='word_1_30' title='bbox 175 381 241 424; x_wconf 84' lang='lat' dir='ltr'>Ex</span> <span class='ocrx_word' id='word_1_31' title='bbox 271 381 407 422; x_wconf 85' lang='lat' dir='ltr'>tantis</span> <span class='ocrx_word' id='word_1_32' title='bbox 441 385 603 437; x_wconf 78' lang='lat' dir='ltr'>tecum,</span> <span class='ocrx_word' id='word_1_33' title='bbox 636 380 808 436; x_wconf 83' lang='lat' dir='ltr'>Croese,</span> <span class='ocrx_word' id='word_1_34' title='bbox 839 382 955 423; x_wconf 83' lang='lat' dir='ltr'>feras</span> <span class='ocrx_word' id='word_1_35' title='bbox 989 381 1154 435; x_wconf 88' lang='lat' dir='ltr'>opibus.</span> 
     </span>
    </p>
   </div>
   <div class='ocr_carea' id='block_1_3' title="bbox 42 543 1131 589">
    <p class='ocr_par' dir='ltr' id='par_1_5' title="bbox 42 543 1131 589">
     <span class='ocr_line' id='line_1_7' title="bbox 42 543 1131 589; baseline -0.003 -7"><span class='ocrx_word' id='word_1_36' title='bbox 42 557 176 583; x_wconf 82' lang='lat' dir='ltr'>XXXVI</span> <span class='ocrx_word' id='word_1_37' title='bbox 197 557 364 589; x_wconf 68' lang='lat' dir='ltr'>[Lxxxtm]</span> <span class='ocrx_word' id='word_1_38' title='bbox 469 544 520 579; x_wconf 88' lang='lat' dir='ltr'>IN</span> <span class='ocrx_word' id='word_1_39' title='bbox 549 543 876 579; x_wconf 85' lang='lat' dir='ltr'><strong><em>SALTATOREM</em></strong></span> <span class='ocrx_word' id='word_1_40' title='bbox 900 544 1131 579; x_wconf 74' lang='lat' dir='ltr'><strong>INEPTVM.</strong></span> 
     </span>
    </p>
   </div>
   <div class='ocr_carea' id='block_1_4' title="bbox 113 628 1462 977">
    <p class='ocr_par' dir='ltr' id='par_1_6' title="bbox 116 628 1078 742">
     <span class='ocr_line' id='line_1_8' title="bbox 116 628 1061 682; baseline -0.001 -12"><span class='ocrx_word' id='word_1_41' title='bbox 116 629 348 682; x_wconf 86' lang='lat' dir='ltr'>[Deceptae</span> <span class='ocrx_word' id='word_1_42' title='bbox 381 628 485 669; x_wconf 81' lang='lat' dir='ltr'><strong>felix</strong></span> <span class='ocrx_word' id='word_1_43' title='bbox 519 643 642 670; x_wconf 79' lang='lat' dir='ltr'>casus</span> <span class='ocrx_word' id='word_1_44' title='bbox 679 642 723 669; x_wconf 86' lang='lat' dir='ltr'>se</span> <span class='ocrx_word' id='word_1_45' title='bbox 755 628 929 670; x_wconf 80' lang='lat' dir='ltr'>miscuit</span> <span class='ocrx_word' id='word_1_46' title='bbox 963 629 1061 670; x_wconf 83' lang='lat' dir='ltr'>arti:</span> 
     </span>
     <span class='ocr_line' id='line_1_9' title="bbox 174 685 1078 742; baseline 0.001 -14"><span class='ocrx_word' id='word_1_47' title='bbox 174 686 362 742; x_wconf 78' lang='lat' dir='ltr'>Histrio⁷</span> <span class='ocrx_word' id='word_1_48' title='bbox 395 687 573 728; x_wconf 83' lang='lat' dir='ltr'>saltauit</span> <span class='ocrx_word' id='word_1_49' title='bbox 606 687 678 740; x_wconf 85' lang='lat' dir='ltr'>qui</span> <span class='ocrx_word' id='word_1_50' title='bbox 711 685 929 741; x_wconf 84' lang='lat' dir='ltr'>Capanea,</span> <span class='ocrx_word' id='word_1_51' title='bbox 961 687 1078 739; x_wconf 88' lang='lat' dir='ltr'>ruit.]</span> 
     </span>
    </p>

    <p class='ocr_par' dir='ltr' id='par_1_7' title="bbox 114 745 1163 859">
     <span class='ocr_line' id='line_1_10' title="bbox 114 745 1163 801; baseline 0 -14"><span class='ocrx_word' id='word_1_52' title='bbox 114 745 233 787; x_wconf 83' lang='lat' dir='ltr'>Idem</span> <span class='ocrx_word' id='word_1_53' title='bbox 266 746 339 801; x_wconf 88' lang='lat' dir='ltr'>qui</span> <span class='ocrx_word' id='word_1_54' title='bbox 371 745 543 787; x_wconf 85' lang='lat' dir='ltr'><strong>Nioben</strong></span> <span class='ocrx_word' id='word_1_55' title='bbox 578 745 758 786; x_wconf 86' lang='lat' dir='ltr'>saltauit</span> <span class='ocrx_word' id='word_1_56' title='bbox 791 761 960 800; x_wconf 84' lang='lat' dir='ltr'>saxeus,</span> <span class='ocrx_word' id='word_1_57' title='bbox 992 748 1040 787; x_wconf 87' lang='lat' dir='ltr'>ut</span> <span class='ocrx_word' id='word_1_58' title='bbox 1071 749 1163 787; x_wconf 87' lang='lat' dir='ltr'>tum</span> 
     </span>
     <span class='ocr_line' id='line_1_11' title="bbox 175 803 1064 859; baseline 0.001 -14"><span class='ocrx_word' id='word_1_59' title='bbox 175 803 402 858; x_wconf 72' lang='lat' dir='ltr'>Spectator</span> <span class='ocrx_word' id='word_1_60' title='bbox 433 819 582 845; x_wconf 85' lang='lat' dir='ltr'>ueram</span> <span class='ocrx_word' id='word_1_61' title='bbox 615 804 843 846; x_wconf 72' lang='lat' dir='ltr'>crediderit</span> <span class='ocrx_word' id='word_1_62' title='bbox 874 804 1064 859; x_wconf 79' lang='lat' dir='ltr'>Nioben,</span> 
     </span>
    </p>

    <p class='ocr_par' dir='ltr' id='par_1_8' title="bbox 113 862 1462 977">
     <span class='ocr_line' id='line_1_12' title="bbox 113 862 1462 918; baseline 0.001 -14"><span class='ocrx_word' id='word_1_63' title='bbox 113 863 164 904; x_wconf 89' lang='lat' dir='ltr'>In</span> <span class='ocrx_word' id='word_1_64' title='bbox 197 862 360 905; x_wconf 82' lang='lat' dir='ltr'>Canace</span> <span class='ocrx_word' id='word_1_65' title='bbox 393 863 512 904; x_wconf 86' lang='lat' dir='ltr'>uisus</span> <span class='ocrx_word' id='word_1_66' title='bbox 547 863 681 904; x_wconf 86' lang='lat' dir='ltr'>multo</span> <span class='ocrx_word' id='word_1_67' title='bbox 713 863 880 905; x_wconf 84' lang='lat' dir='ltr'>felicior</span> <span class='ocrx_word' id='word_1_68' title='bbox 911 864 1024 918; x_wconf 79' lang='lat' dir='ltr'>ipsa,</span> <span class='ocrx_word' id='word_1_69' title='bbox 1443 874 1462 905; x_wconf 85' lang='lat'>5</span> 
     </span>
     <span class='ocr_line' id='line_1_13' title="bbox 173 922 1139 977; baseline 0.001 -14"><span class='ocrx_word' id='word_1_70' title='bbox 173 922 296 971; x_wconf 80' lang='lat' dir='ltr'>Quod</span> <span class='ocrx_word' id='word_1_71' title='bbox 327 936 414 963; x_wconf 83' lang='lat' dir='ltr'>non</span> <span class='ocrx_word' id='word_1_72' title='bbox 446 922 516 963; x_wconf 87' lang='lat' dir='ltr'>hic</span> <span class='ocrx_word' id='word_1_73' title='bbox 548 922 693 977; x_wconf 83' lang='lat' dir='ltr'>gladio</span> <span class='ocrx_word' id='word_1_74' title='bbox 725 922 892 964; x_wconf 84' lang='lat' dir='ltr'>uiscera</span> <span class='ocrx_word' id='word_1_75' title='bbox 923 923 1139 965; x_wconf 84' lang='lat' dir='ltr'>dissecuit.</span> 
     </span>
    </p>
   </div>
   <div class='ocr_carea' id='block_1_5' title="bbox 113 1016 397 1023">
    <p class='ocr_par' dir='ltr' id='par_1_9' title="bbox 113 1016 397 1023">
     <span class='ocr_line' id='line_1_14' title="bbox 113 1016 397 1023; baseline 0 0"><span class='ocrx_word' id='word_1_76' title='bbox 113 1016 397 1023; x_wconf 95' lang='lat' dir='ltr'> </span> 
     </span>
    </p>
   </div>
   <div class='ocr_carea' id='block_1_6' title="bbox 206 1060 1463 1215">
    <p class='ocr_par' dir='ltr' id='par_1_10' title="bbox 206 1060 1463 1215">
     <span class='ocr_line' id='line_1_15' title="bbox 210 1060 1235 1108; baseline 0.002 -12"><span class='ocrx_word' id='word_1_77' title='bbox 210 1066 228 1096; x_wconf 84' lang='grc'><strong>7</strong></span> <span class='ocrx_word' id='word_1_78' title='bbox 255 1062 407 1096; x_wconf 86' lang='lat' dir='ltr'>Anthol.</span> <span class='ocrx_word' id='word_1_79' title='bbox 434 1061 513 1097; x_wconf 88' lang='lat' dir='ltr'>Pal.</span> <span class='ocrx_word' id='word_1_80' title='bbox 541 1061 643 1097; x_wconf 86' lang='lat' dir='ltr'>VHII</span> <span class='ocrx_word' id='word_1_81' title='bbox 671 1066 750 1105; x_wconf 85' lang='lat'>145,</span> <span class='ocrx_word' id='word_1_82' title='bbox 778 1066 797 1097; x_wconf 88' lang='lat'>5</span> <span class='ocrx_word' id='word_1_83' title='bbox 820 1075 890 1107; x_wconf 85' lang='lat' dir='ltr'><strong>sq.:</strong></span> <span class='ocrx_word' id='word_1_84' title='bbox 918 1060 1010 1098; x_wconf 87' lang='grc' dir='ltr'><strong>ὅσσα</strong></span> <span class='ocrx_word' id='word_1_85' title='bbox 1036 1062 1106 1108; x_wconf 80' lang='grc' dir='ltr'>γὰρ</span> <span class='ocrx_word' id='word_1_86' title='bbox 1134 1061 1235 1108; x_wconf 80' lang='grc' dir='ltr'><em>εἶχον</em></span> 
     </span>
     <span class='ocr_line' id='line_1_16' title="bbox 323 1107 1377 1155; baseline 0.002 -13"><span class='ocrx_word' id='word_1_87' title='bbox 323 1107 449 1143; x_wconf 78' lang='grc' dir='ltr'><em>πάντα</em></span> <span class='ocrx_word' id='word_1_88' title='bbox 477 1108 579 1154; x_wconf 82' lang='grc' dir='ltr'><em>φέρω</em></span> <span class='ocrx_word' id='word_1_89' title='bbox 607 1108 675 1144; x_wconf 82' lang='grc' dir='ltr'>σὺν</span> <span class='ocrx_word' id='word_1_90' title='bbox 702 1107 802 1154; x_wconf 82' lang='grc' dir='ltr'>ἐμοί·</span> <span class='ocrx_word' id='word_1_91' title='bbox 830 1112 965 1155; x_wconf 82' lang='grc' dir='ltr'><em>Κροῖσε</em></span> <span class='ocrx_word' id='word_1_92' title='bbox 993 1107 1037 1145; x_wconf 77' lang='grc' dir='ltr'>σὺ</span> <span class='ocrx_word' id='word_1_93' title='bbox 1065 1108 1101 1145; x_wconf 82' lang='grc' dir='ltr'>δ’</span> <span class='ocrx_word' id='word_1_94' title='bbox 1131 1109 1243 1146; x_wconf 73' lang='grc' dir='ltr'><em>οὐδὲν</em></span> <span class='ocrx_word' id='word_1_95' title='bbox 1271 1109 1377 1155; x_wconf 73' lang='grc' dir='ltr'><em>ἔχεις.</em></span> 
     </span>
     <span class='ocr_line' id='line_1_17' title="bbox 206 1166 1463 1215; baseline 0.002 -14"><span class='ocrx_word' id='word_1_96' title='bbox 206 1166 360 1202; x_wconf 83' lang='lat' dir='ltr'>XXXVI</span> <span class='ocrx_word' id='word_1_97' title='bbox 387 1167 540 1203; x_wconf 91' lang='lat' dir='ltr'>Anthol.</span> <span class='ocrx_word' id='word_1_98' title='bbox 563 1167 639 1203; x_wconf 88' lang='lat' dir='ltr'>Pal.</span> <span class='ocrx_word' id='word_1_99' title='bbox 655 1169 705 1203; x_wconf 85' lang='lat' dir='ltr'>XI</span> <span class='ocrx_word' id='word_1_100' title='bbox 719 1172 789 1204; x_wconf 79' lang='lat'>254</span> <span class='ocrx_word' id='word_1_101' title='bbox 809 1168 883 1203; x_wconf 91' lang='lat' dir='ltr'>uid.</span> <span class='ocrx_word' id='word_1_102' title='bbox 900 1169 947 1204; x_wconf 85' lang='lat' dir='ltr'>ad</span> <span class='ocrx_word' id='word_1_103' title='bbox 962 1168 1099 1205; x_wconf 84' lang='lat' dir='ltr'>Auson.</span> <span class='ocrx_word' id='word_1_104' title='bbox 1121 1169 1237 1215; x_wconf 85' lang='lat' dir='ltr'>epigr.</span> <span class='ocrx_word' id='word_1_105' title='bbox 1253 1169 1374 1204; x_wconf 79' lang='lat' dir='ltr'>XVIII</span> <span class='ocrx_word' id='word_1_106' title='bbox 1389 1171 1463 1213; x_wconf 77' lang='lat'>(84)</span> 
     </span>
    </p>
   </div>
   <div class='ocr_carea' id='block_1_7' title="bbox 115 1252 395 1259">
    <p class='ocr_par' dir='ltr' id='par_1_11' title="bbox 115 1252 395 1259">
     <span class='ocr_line' id='line_1_18' title="bbox 115 1252 395 1259; baseline 0 0"><span class='ocrx_word' id='word_1_107' title='bbox 115 1252 395 1259; x_wconf 95' lang='lat' dir='ltr'> </span> 
     </span>
    </p>
   </div>
   <div class='ocr_carea' id='block_1_8' title="bbox 207 1299 562 1342">
    <p class='ocr_par' dir='ltr' id='par_1_12' title="bbox 207 1299 562 1342">
     <span class='ocr_line' id='line_1_19' title="bbox 207 1299 562 1342; baseline 0.003 -10"><span class='ocrx_word' id='word_1_108' title='bbox 207 1301 226 1332; x_wconf 83' lang='lat'><strong>7</strong></span> <span class='ocrx_word' id='word_1_109' title='bbox 258 1308 499 1342; x_wconf 84' lang='lat' dir='ltr'>quaecunque</span> <span class='ocrx_word' id='word_1_110' title='bbox 527 1299 562 1333; x_wconf 90' lang='lat' dir='ltr'><strong><em>A</em></strong></span> 
     </span>
    </p>
   </div>
   <div class='ocr_carea' id='block_1_9' title="bbox 111 1356 1462 1534">
    <p class='ocr_par' dir='ltr' id='par_1_13' title="bbox 206 1356 1462 1402">
     <span class='ocr_line' id='line_1_20' title="bbox 206 1356 1462 1402; baseline 0.003 -11"><span class='ocrx_word' id='word_1_111' title='bbox 206 1356 363 1391; x_wconf 87' lang='lat' dir='ltr'>XXXVI</span> <span class='ocrx_word' id='word_1_112' title='bbox 395 1368 430 1392; x_wconf 78' lang='lat' dir='ltr'>u.</span> <span class='ocrx_word' id='word_1_113' title='bbox 457 1361 477 1392; x_wconf 88' lang='lat'><strong><em>1</em></strong></span> <span class='ocrx_word' id='word_1_114' title='bbox 505 1359 537 1391; x_wconf 73' lang='lat' dir='ltr'>et</span> <span class='ocrx_word' id='word_1_115' title='bbox 562 1358 588 1392; x_wconf 78' lang='lat'><em>2</em></span> <span class='ocrx_word' id='word_1_116' title='bbox 614 1357 774 1392; x_wconf 69' lang='lat' dir='ltr'>Ausonii</span> <span class='ocrx_word' id='word_1_117' title='bbox 802 1361 888 1392; x_wconf 70' lang='lat' dir='ltr'>sunt</span> <span class='ocrx_word' id='word_1_118' title='bbox 915 1358 1025 1402; x_wconf 61' lang='lat' dir='ltr'>epigr.</span> <span class='ocrx_word' id='word_1_119' title='bbox 1054 1357 1232 1402; x_wconf 73' lang='lat' dir='ltr'>XVIII,</span> <span class='ocrx_word' id='word_1_120' title='bbox 1264 1370 1325 1394; x_wconf 78' lang='lat' dir='ltr'>uu.</span> <span class='ocrx_word' id='word_1_121' title='bbox 1354 1362 1462 1394; x_wconf 83' lang='lat'>3—6</span> 
     </span>
    </p>

    <p class='ocr_par' dir='ltr' id='par_1_14' title="bbox 112 1403 1462 1449">
     <span class='ocr_line' id='line_1_21' title="bbox 112 1403 1462 1449; baseline 0.003 -11"><span class='ocrx_word' id='word_1_122' title='bbox 112 1415 191 1439; x_wconf 75' lang='lat' dir='ltr'>cum</span> <span class='ocrx_word' id='word_1_123' title='bbox 216 1405 324 1439; x_wconf 71' lang='lat' dir='ltr'>titulo</span> <span class='ocrx_word' id='word_1_124' title='bbox 351 1405 426 1448; x_wconf 73' lang='lat' dir='ltr'>ipse</span> <span class='ocrx_word' id='word_1_125' title='bbox 451 1403 618 1449; x_wconf 69' lang='lat' dir='ltr'>Vyoletus</span> <span class='ocrx_word' id='word_1_126' title='bbox 642 1405 826 1448; x_wconf 49' lang='lat' dir='ltr'>supplem}</span> <span class='ocrx_word' id='word_1_127' title='bbox 903 1409 920 1438; x_wconf 91' lang='lat'>1</span> <span class='ocrx_word' id='word_1_128' title='bbox 948 1404 1061 1440; x_wconf 82' lang='lat' dir='ltr'>foelix</span> <span class='ocrx_word' id='word_1_129' title='bbox 1086 1405 1196 1441; x_wconf 67' lang='lat' dir='ltr'>1⁷2A1</span> <span class='ocrx_word' id='word_1_130' title='bbox 1226 1405 1389 1442; x_wconf 82' lang='lat' dir='ltr'>saltabat</span> <span class='ocrx_word' id='word_1_131' title='bbox 1409 1406 1462 1442; x_wconf 77' lang='grc' dir='ltr'>Α2</span> 
     </span>
    </p>

    <p class='ocr_par' dir='ltr' id='par_1_15' title="bbox 111 1451 1461 1534">
     <span class='ocr_line' id='line_1_22' title="bbox 160 1451 1461 1517; baseline 0.003 -32"><span class='ocrx_word' id='word_1_132' title='bbox 160 1455 180 1486; x_wconf 89' lang='grc'><strong>3</strong></span> <span class='ocrx_word' id='word_1_133' title='bbox 213 1451 292 1517; x_wconf 41' lang='grc' dir='ltr'>ᾳυίῥ]</span> <span class='ocrx_word' id='word_1_134' title='bbox 325 1462 375 1486; x_wconf 72' lang='lat' dir='ltr'>an</span> <span class='ocrx_word' id='word_1_135' title='bbox 409 1451 522 1495; x_wconf 83' lang='lat' dir='ltr'>quin?</span> <span class='ocrx_word' id='word_1_136' title='bbox 621 1455 642 1485; x_wconf 81' lang='lat'>4</span> <span class='ocrx_word' id='word_1_137' title='bbox 675 1453 864 1496; x_wconf 83' lang='lat' dir='ltr'>spectatur</span> <span class='ocrx_word' id='word_1_138' title='bbox 897 1451 931 1486; x_wconf 93' lang='lat' dir='ltr'><strong><em>V</em></strong></span> <span class='ocrx_word' id='word_1_139' title='bbox 952 1463 1041 1488; x_wconf 83' lang='lat' dir='ltr'>corr.</span> <span class='ocrx_word' id='word_1_140' title='bbox 1069 1454 1104 1487; x_wconf 88' lang='lat' dir='ltr'><strong><em>A</em></strong></span> <span class='ocrx_word' id='word_1_141' title='bbox 1145 1453 1149 1498; x_wconf 68' lang='grc' dir='ltr'>Ι</span> <span class='ocrx_word' id='word_1_142' title='bbox 1190 1454 1337 1489; x_wconf 89' lang='lat' dir='ltr'>niobem</span> <span class='ocrx_word' id='word_1_143' title='bbox 1372 1453 1461 1489; x_wconf 82' lang='lat' dir='ltr'>VA¹</span> 
     </span>
     <span class='ocr_line' id='line_1_23' title="bbox 111 1498 679 1534; baseline -0.004 0"><span class='ocrx_word' id='word_1_144' title='bbox 111 1508 202 1534; x_wconf 79' lang='lat' dir='ltr'>corr.</span> <span class='ocrx_word' id='word_1_145' title='bbox 232 1498 269 1532; x_wconf 87' lang='lat' dir='ltr'><strong><em>A</em></strong></span> <span class='ocrx_word' id='word_1_146' title='bbox 385 1503 404 1533; x_wconf 84' lang='lat'>5</span> <span class='ocrx_word' id='word_1_147' title='bbox 432 1498 602 1533; x_wconf 85' lang='lat' dir='ltr'>foelicior</span> <span class='ocrx_word' id='word_1_148' title='bbox 628 1498 679 1532; x_wconf 88' lang='lat' dir='ltr'>A¹</span> 
     </span>
    </p>
   </div>
  </div>
 </body>
</html>
