1563 2511
657 46 855 88 -.112
921 70 970 76 -

141 153 398 208 Agnoscunt
432 155 579 194 tamen
612 155 654 193 et
685 166 842 194 uanum
874 152 1045 193 uibrare
1077 153 1272 208 uigorem

140 211 366 266 Occipiunt
396 211 649 266 hostemque
681 225 811 252 unum
844 211 938 252 loca
969 225 1056 253 non
1089 225 1166 253 sua
1197 214 1416 266 nanctum,

141 270 249 312 Cum
280 270 427 324 pigros
461 273 609 325 ageret
640 270 771 311 densa
803 269 881 310 sub
915 272 1040 311 nocte
1073 270 1262 324 uolatus,

140 329 273 370 Facta
304 329 416 370 nube
447 331 658 383 premunt.
714 328 1004 382 trepidantem
1038 331 1079 369 et
1110 343 1231 370 cassa-
1262 333 1441 384 parante

141 387 336 442 Suffugia
366 388 410 429 in
443 390 610 429 coetum
644 386 807 428 mediae
839 389 1007 428 traxere
1040 389 1248 430 cateruae.

139 446 330 502 Eligitur
363 449 526 488 maesto
560 450 723 500 myrtus
756 445 987 486 notissima
1018 445 1132 499 luco,

141 504 365 547 Inuidiosa
396 505 520 547 deum
552 504 716 558 poenis.
765 504 1033 545 cruciauerat
1064 504 1153 546 11110

142 562 298 618 Spreta
329 564 433 606 olim
464 577 695 604 memorem
728 562 908 604 Veneris
941 562 1201 617 Proserpina
1233 563 1416 606 Adonin.

140 623 280 664 Huius
313 623 357 664 in
390 623 556 664 excelso
590 636 847 676 suspensum
880 621 1026 675 stipite
1059 621 1263 664 Amorem

140 681 398 723 Deuinctum
431 683 529 735 post
559 683 684 735 terga
716 695 868 721 manus
900 681 1218 735 substrictaque
1250 681 1410 736 plantis
1443 693 1486 724 60

140 740 326 782 Vincula
358 742 622 781 maerentem
653 739 773 781 nullo
806 739 1098 781 moderamine
1130 754 1292 794 poenae

140 799 367 841 Adficiunt.
418 813 516 840 reus
549 801 615 839 est
647 799 736 839 sine
769 798 964 851 crimine,
998 798 1134 840 iudice
1166 799 1284 840 nullo

140 858 380 899 Accusatur
412 857 559 899 Amor.
611 871 654 898 se
687 857 865 911 quisque
899 857 1123 898 absoluere
1155 858 1304 912 gestit,

141 916 392 958 Transferat
425 919 471 957 ut
502 916 698 970 proprias
731 916 872 957 aliena
904 915 949 956 in
980 916 1160 957 crimina
1192 917 1353 971 culpas.

1442 345 1487 430 313

141 974 332 1017 Cunctae
365 975 674 1029 exprobrantes
707 974 881 1016 tolerati
911 974 1100 1030 insignia
1130 975 1206 1016 leti
1443 986 1486 1017 65

140 1033 405 1088 Expediunt:
438 1033 545 1076 haec
578 1048 698 1075 arma
729 1035 904 1087 putant,
936 1032 1042 1075 haec
1073 1034 1179 1075 ultio
1213 1034 1369 1088 dulcis,

141 1092 219 1147 Vt,
251 1108 334 1147 quo
367 1107 559 1147 quaeque
591 1092 720 1147 perit,
754 1092 925 1133 studeat
956 1093 1106 1146 punire
1138 1093 1338 1134 dolorem.

140 1150 260 1193 Haec
291 1152 492 1205 laqueum
524 1154 661 1204 tenet,
692 1151 797 1192 haec
830 1151 1015 1205 speciem
1045 1152 1258 1193 mucronis
1290 1152 1463 1193 inanem

140 1209 322 1265 Ingerit,
354 1211 430 1251 illa
463 1225 591 1251 cauos
626 1224 771 1251 amnes
803 1224 1036 1264 rupemque
1068 1210 1289 1265 fragosam

141 1268 372 1323 Insanique
405 1271 566 1310 metum
597 1268 740 1323 pelagi
772 1271 815 1310 et
847 1268 938 1310 sine
970 1269 1168 1310 fluctibus
1202 1283 1372 1323 aequor.
1444 1280 1486 1311 70

140 1326 384 1369 Nonnullae
417 1328 613 1369 flammas
647 1327 848 1382 quatiunt
880 1327 1157 1382 trepidaeque
1189 1328 1411 1370 minantur

142 1386 379 1428 Stridentes
410 1387 529 1428 nullo
561 1387 660 1441 igne
692 1386 818 1428 faces.
868 1386 1073 1428 rescindit
1106 1386 1297 1428 adultum

140 1444 319 1499 Myrrha
350 1448 518 1486 uterum
551 1445 738 1487 lacrimis
770 1445 1010 1488 lucentibus
1043 1446 1170 1500 inque
1202 1449 1433 1501 pauentem

143 1503 347 1545 Gemmea
379 1504 551 1545 fletiferi
583 1505 795 1546 iaculatur
827 1504 973 1545 sucina
1004 1505 1156 1546 trunci.

143 1562 359 1611 Quaedam
391 1564 692 1618 ignoscentum
725 1563 864 1617 specie
896 1563 1081 1604 ludibria
1112 1566 1282 1605 tantum
1443 1573 1485 1605 75

142 1620 242 1663 Sola
275 1623 444 1676 uolunt,
478 1622 601 1663 stilus
634 1625 681 1663 ut
711 1622 852 1663 tenuis
886 1622 965 1663 sub
998 1623 1193 1664 acumine
1225 1623 1372 1676 puncti

236 1763 278 1794 51
299 1760 543 1805 ignoscuntT
591 1764 634 1795 52
655 1762 804 1796 nactum
821 1762 855 1794 Z
902 1764 946 1795 54
967 1761 1081 1806 facta]
1102 1761 1201 1796 foeta
1218 1762 1250 1795 T
1299 1765 1342 1796 55
1364 1762 1486 1795 cetum

145 1807 177 1840 T
201 1809 343 1842 certum
363 1810 381 1842 λ
455 1812 499 1842 56
520 1811 663 1843 moesto
679 1809 712 1842 Z
733 1810 737 1852 Ι
760 1809 927 1852 myrthus
946 1808 978 1842 T
1049 1812 1093 1844 58
1113 1808 1283 1843 nueneris
1305 1810 1340 1853 (n
1361 1812 1444 1843 ante
1462 1819 1486 1841 u

140 1855 219 1897 del„
247 1865 262 1887 s
289 1866 331 1889 eae
357 1867 379 1889 n
405 1858 446 1889 ut
470 1856 562 1899 uid.)
591 1855 623 1888 Τ
644 1857 647 1898 Ι
679 1855 793 1890 adoni
823 1854 856 1889 G
881 1855 992 1890 adoni
1016 1855 1070 1890 Τλ
1167 1859 1212 1890 59
1240 1855 1378 1900 stypite
1404 1854 1442 1889 λ2

142 1905 183 1935 61
212 1904 437 1936 moerentem
459 1902 517 1936 Gi
594 1906 636 1937 62
658 1902 827 1937 afficiunt
847 1903 880 1936 Z
903 1903 1062 1947 affigunt
1082 1902 1289 1938 Scriverius
1363 1906 1406 1937 63
1427 1912 1486 1936 ac-

141 1950 288 1983 cusator
318 1948 350 1981 Τ
379 1950 572 1983 accusatus
601 1949 659 1983 Gz
688 1951 692 1993 1
728 1949 833 1993 01111εᾷ
867 1950 900 1983 Τ
927 1949 931 1995 Ι
966 1950 1108 1984 soluere
1139 1950 1198 1992 T}
1234 1949 1349 1994 gessit
1375 1949 1407 1984 G

141 1999 185 2029 64
205 1995 385 2030 tranferat
405 1998 422 2029 λ
445 1996 449 2041 1
472 1996 529 2041 ut]
551 1996 580 2030 ὣ
596 1995 630 2029 G
680 2000 723 2031 65
745 1997 821 2030 laeti
841 1996 911 2031 TG
968 2001 1010 2031 66
1031 1997 1123 2031 haec
1143 1998 1211 2040 put
1231 2007 1333 2030 arma
1352 1997 1487 2040 putant

142 2043 224 2086 (put
249 2043 330 2085 del.)
362 2042 394 2076 Τ
486 2047 529 2077 67
557 2043 614 2089 ut]
642 2045 680 2077 et
706 2043 738 2077 G
773 2043 776 2087 Ι
813 2043 977 2078 dolorem
1006 2044 1039 2077 Z
1075 2043 1202 2078 dolore
1229 2051 1256 2086 ψ
1283 2043 1413 2078 Barth.

143 2093 183 2123 71
213 2089 365 2133 trepidae
394 2089 426 2123 T
446 2090 592 2133 trepido
619 2090 680 2124 Gi
778 2095 820 2125 73
849 2093 946 2135 myrt
973 2117 1121 2125 .....
1149 2089 1311 2125 lacrimis
1339 2092 1486 2135 (lacuna

140 2137 296 2181 quinque
320 2137 378 2171 uel
403 2147 463 2171 sea:
490 2138 573 2180 litt.)
602 2137 634 2170 T
658 2148 780 2180 myrra
805 2139 929 2172 utrum
955 2139 989 2179 λ,
1017 2147 1107 2172 corr.
1136 2137 1169 2172 G
1191 2138 1195 2182 l
1219 2138 1391 2182 lacrymis
1417 2137 1450 2173 G
1479 2140 1482 2172 ff

141 2183 351 2218 lucentibus
376 2192 405 2226 w
432 2183 631 2219 Accursius
658 2184 872 2228 lugentibus
895 2185 928 2218 Z
950 2186 954 2228 Ῑ
989 2186 1179 2228 parentem
1206 2187 1224 2218 λ
1257 2196 1363 2229 palor
1389 2185 1483 2228 (del.)

140 2241 317 2273 pauorem
347 2231 378 2264 T
475 2235 518 2265 74
544 2230 713 2266 flectifcri
743 2231 775 2266 T
799 2233 803 2276 l
838 2231 1047 2266 iaculantur
1075 2232 1107 2265 T
1133 2232 1138 2277 Ι
1173 2233 1321 2267 succina
1349 2232 1422 2267 ΤΘ

143 2281 185 2311 75
212 2277 447 2322 ignoscentes
478 2277 510 2312 T
