1563 2511
625 42 940 84 —134—

101 149 220 192 Haec
253 147 545 204 procurrentis
578 147 758 190 fundata
790 148 1004 203 crepidine
1037 149 1174 204 ripae,

101 207 222 251 Haec
252 208 415 264 refugit
447 209 705 262 captumque
738 207 835 249 sinu
867 207 949 249 sibi
981 207 1171 250 uindicat
1203 223 1384 251 amnem.

101 268 184 309 Illa
214 270 364 309 tenens
398 267 570 321 collem,
604 266 676 321 qui
706 266 917 321 plurimus
950 267 1144 309 imminet
1175 269 1309 323 amni,

101 326 295 381 Vsurpat
326 325 477 368 faciles
509 340 585 380 per
616 326 749 380 culta,
782 340 858 380 per
890 340 1043 379 aspera
1075 326 1224 368 uisus'
1385 338 1452 369 325

101 385 248 440 thue
282 385 369 427 suis
402 384 559 426 fruitur
591 384 710 426 diues
744 385 982 438 speculatio
1015 385 1152 426 terris.

103 444 215 494 Quin
248 444 378 485 etiam
409 444 544 499 riguis
577 443 731 485 humili
762 443 869 498 pede
901 444 1072 486 condita
1103 445 1240 498 pratis

104 503 367 558 Compensat
399 503 502 544 celsi
535 502 650 544 bona
680 503 898 544 naturalia
931 503 1091 544 montis

103 562 371 617 Sublimique
404 561 576 603 minans
609 562 812 615 irrumpit
843 561 887 602 in
920 562 1095 603 aethera
1127 565 1258 616 tecto,

102 621 336 663 Ostentans
370 621 523 674 altam,
555 620 721 662 Pharos
754 623 802 661 ut
832 619 1132 675 Memphitica,
1164 622 1329 665 turrim.
1386 633 1454 664 330

100 680 215 722 Huic
247 680 471 735 proprium
503 680 670 721 clausos
704 682 939 734 consaepto
973 680 1145 736 gurgite
1178 681 1318 735 pisces

101 738 284 794 Aprieas
317 739 591 793 scopulorum
626 738 739 779 inter
771 741 943 792 captare
976 740 1168 781 nouales.

100 798 220 839 Haec
253 797 433 839 summis
465 797 614 838 innixa
645 798 760 852 iugis
792 797 982 839 labentia
1016 799 1163 839 subter

100 856 302 898 Flumina
335 856 540 910 despectu
571 855 658 897 iam
691 855 907 911 caligante
939 858 1095 898 tuetur.

100 915 227 956 Atria
259 915 360 969 quid
392 928 627 956 memorem
658 914 945 956 uiridantibus
980 915 1119 957 adsita
1150 915 1316 969 pratis?
1387 927 1454 958 335

99 974 427 1028 Innumerisque
460 987 589 1027 super
618 973 803 1016 nitentia
834 976 949 1016 tecta
981 975 1224 1016 columnis?

101 1032 213 1082 Quid
246 1047 354 1087 quae
387 1032 591 1074 fluminea
623 1033 870 1074 substructa
902 1033 1118 1088 crepidine
1152 1034 1322 1075 fumant

99 1090 282 1145 Balnea,
314 1091 499 1132 feruenti
531 1106 627 1133 cum
659 1091 871 1133 Mulciber
902 1091 1086 1134 haustus
1120 1096 1269 1147 operto

100 1150 253 1193 Voluit
286 1151 510 1191 anhelatas
542 1151 724 1192 tectoria
755 1165 831 1205 per
863 1166 969 1192 caua
1001 1151 1215 1206 flammas,

98 1208 322 1251 Inclusum
355 1209 602 1264 glomerans
636 1211 758 1251 aestu
790 1209 980 1264 spirante
1012 1210 1246 1265 uaporem?
1387 1221 1455 1253 340

101 1267 206 1310 Vidi
239 1282 319 1323 ego
353 1268 544 1309 defessos
577 1269 712 1310 multo
747 1269 900 1310 sudore
934 1270 1093 1310 lauacri

98 1327 336 1369 Fastidisse
369 1327 489 1368 lacus
522 1329 564 1368 et
594 1327 759 1382 frigora
790 1327 1070 1382 piscinarum,

99 1385 162 1427 Vt
193 1386 306 1428 uiuis
338 1385 583 1427 fruerentur
616 1384 755 1440 aquis,
788 1401 886 1428 mox
921 1402 1045 1428 amne
1078 1387 1239 1429 refotos

98 1443 331 1486 Plaudenti
364 1444 554 1500 gelidum
585 1444 744 1486 flumen
776 1445 990 1499 pepulisse
1021 1449 1185 1488 natatu.

101 1503 226 1553 Quod
260 1504 296 1545 si
326 1502 531 1545 Cumanis
564 1503 647 1545 huc
681 1503 848 1545 adforet
880 1503 1037 1559 hospes
1072 1505 1124 1547 ab
1159 1506 1264 1557 oris,
1386 1516 1454 1547 345

100 1561 304 1604 Crederet
334 1561 551 1604 Euboicas
585 1562 817 1604 simulacra
849 1563 979 1605 exilia
1013 1564 1140 1605 Baias

196 1658 265 1689 322
291 1655 551 1699 procurrentes
577 1655 613 1689 L
686 1658 753 1689 323
780 1655 955 1690 nendicat
979 1655 1016 1690 R
1089 1659 1158 1691 324
1183 1656 1370 1691 ullatenus
1390 1656 1425 1692 L
1449 1657 1451 1698 ss

100 1702 217 1736 amni:
251 1712 337 1736 amn
368 1702 410 1736 in
440 1713 512 1737 ras.
540 1702 591 1736 Β5
688 1705 755 1736 326
789 1704 900 1745 atque
927 1703 962 1737 R
992 1705 996 1748 Ι
1026 1703 1115 1738 felix
1142 1703 1175 1738 G
1202 1703 1305 1738 diues
1331 1703 1453 1739 RBL

148 1752 215 1783 327
243 1748 340 1790 Quin
364 1749 449 1784 mai.
476 1749 559 1784 init.
587 1749 653 1784 litt.
682 1749 716 1784 G
738 1750 742 1792 Ι
764 1748 911 1793 irriguis
937 1750 973 1784 Β
996 1752 1001 1794 1
1023 1763 1046 1795 p
1049 1750 1137 1786 ratis
1164 1750 1199 1786 G
1313 1754 1380 1786 329
1407 1750 1455 1786 ir-

98 1795 202 1840 rupit
221 1796 300 1830 BL
323 1798 327 1840 }
349 1795 500 1831 aethere
520 1795 644 1832 RBL
716 1800 784 1831 330
805 1796 918 1832 aliam
938 1798 975 1832 Β
1001 1799 1080 1833 alta
1102 1798 1137 1833 L
1159 1800 1164 1842 1
1187 1797 1285 1833 faros
1306 1798 1425 1833 GBL
1447 1799 1451 1844 Ι

97 1842 209 1889 turris
235 1844 265 1887 (s
292 1843 406 1887 eraso)
433 1843 484 1878 Rs
581 1847 646 1877 331
675 1843 866 1888 proprium
893 1846 950 1880 est
977 1845 1026 1880 G2
1034 1845 1123 1889 BL,
1151 1846 1206 1880 est
1231 1855 1297 1882 om.
1325 1845 1419 1880 G¹R
1447 1846 1451 1891 Ι

99 1892 278 1934 consepto
305 1889 425 1925 GRL
460 1891 641 1963 concepto
667 1891 704 1925 Β
800 1895 867 1926 332
896 1894 1044 1937 capta-te
1069 1893 1105 1928 L
1127 1893 1132 1938 Ι
1155 1892 1303 1928 canales
1336 1892 1454 1928 Hein-

97 1972 175 2006 sius
273 1975 341 2006 333
376 1951 474 2016 iugis
506 1945 634 2007 innixa
659 1974 733 2017 (pr
761 1984 851 2010 corr.
862 1976 873 2017 )
900 1975 934 2009 L
1032 1979 1100 2010 335
1127 1974 1234 2010 Atria
1258 1976 1342 2011 mai.
1369 1976 1452 2010 init.

98 2019 166 2054 litt.
195 2018 274 2053 GB
297 2020 301 2063 Ι
323 2019 447 2055 adsita
473 2019 523 2054 G‘2
532 2020 567 2055 L
593 2019 709 2055 assita
736 2020 873 2055 G¹RB
980 2026 1049 2057 336
1077 2022 1217 2057 colonis
1243 2022 1278 2057 L
1384 2026 1452 2058 337

97 2064 281 2100 subducta
307 2066 342 2100 L
427 2070 496 2102 338
522 2068 653 2112 aperto
680 2067 715 2102 L
800 2072 867 2102 339
895 2069 1023 2103 flamas
1049 2069 1086 2104 R
1164 2073 1233 2105 340
1260 2068 1452 2114 expirante

98 2125 126 2146 ω
153 2123 245 2148 corr.
271 2113 450 2149 Heinsius
548 2118 614 2149 341
644 2114 811 2149 lauaclni
831 2116 867 2150 Β
964 2119 1032 2151 342
1060 2116 1212 2162 frigora]
1239 2116 1391 2152 flumina
1416 2117 1453 2151 Β

146 2163 215 2195 343
242 2160 378 2196 refotes
405 2162 438 2195 L
531 2165 599 2196 344
626 2161 793 2206 pladenti
813 2163 847 2197 L
939 2167 1007 2198 345
1036 2163 1142 2206 Quod
1168 2165 1251 2199 mai.
1280 2165 1360 2199 imt.
1382 2165 1450 2200 laett.

99 2205 133 2241 G
155 2208 160 2251 Ι
184 2218 229 2241 cu
255 2207 335 2242 anis
362 2209 446 2253 (quo
472 2209 583 2244 deleto
609 2209 775 2244 cumanis
801 2212 861 2255 ss.)
892 2209 952 2246 G
948 2225 952 2255 Ι
976 2210 1106 2247 afforet
1133 2224 1160 2245 ω
1184 2212 1187 2255 l
1218 2210 1317 2247 horis
1343 2211 1379 2245 R

98 2279 166 2313 346
197 2277 394 2314 simulacra
419 2279 455 2313 Β
