1563 2511
147 170 236 212 Nec
269 171 412 211 tamen
444 170 659 211 incassum
691 168 756 211 fas
790 171 854 211 est
886 184 963 211 nos
997 169 1165 210 credere
1197 174 1340 224 natos,

149 230 381 271 Auctorem
413 228 529 270 uitae
562 229 598 270 si
630 229 791 270 iustum
823 229 1032 269 credimus
1066 242 1176 282 esse,

147 287 252 329 Vita
285 287 370 328 alia
403 290 468 329 est
498 288 625 329 nobis
657 288 721 329 illi
754 287 937 329 uiuendo
970 287 1179 341 paranda,
1449 299 1492 330 60

148 346 254 388 Cum
288 361 371 401 quo
404 349 504 401 post
534 346 663 388 istam
694 347 909 401 possimus
942 347 1088 387 uiuere
1119 347 1267 387 uitam.

147 404 218 447 Illi
245 405 440 460 equidem
467 406 634 461 stygias
661 407 894 459 properent
921 405 1175 446 descendere
1206 405 1258 446 ad
1284 406 1470 459 umbras,

147 463 520 519 Pythagoreorum
553 464 760 506 stolidum
792 464 865 518 qui
898 464 1056 519 dogma
1087 465 1222 505 secuti

147 522 247 565 Non
278 524 397 565 nasci
430 538 521 565 sese
553 538 681 578 quam
713 525 837 564 natos
871 523 1014 565 uiuere
1047 523 1256 575 malintf‘]

74 651 286 719 Πὲὲῖῗῗκη]
321 674 384 709 DE
411 674 528 710 vnzo
554 674 686 710 BONO
714 675 1037 708 HTOAFOPIKH
1062 676 1326 709 ΑΠΟΦΑΣῙΣ.

145 759 225 800 Vir
256 760 394 800 bonus
427 762 469 800 et
502 760 691 813 sapiens,
724 760 894 814 qualem
927 759 1000 800 uix
1031 760 1223 814 repperit
1255 774 1387 801 unum

144 817 320 859 Milibus
353 832 375 859 e
407 818 570 859 cunctis
603 818 827 859 hominum
860 818 1080 859 consultus
1113 819 1291 872 Apollo,

145 876 277 918 Iudex
310 877 402 932 ipse
436 878 502 917 sui
533 879 673 918 totum
707 891 750 918 se
783 877 978 930 explorat
1012 877 1065 917 ad
1095 891 1302 932 unguem:

145 935 256 984 Quid
288 950 486 990 proceres
519 936 702 990 uanique
735 935 841 977 leuis
875 935 975 990 quid
1009 936 1155 990 opinio
1188 936 1308 991 uolgi

146 1053 347 1107 Securus,
379 1053 526 1095 mundi
551 1053 688 1095 instar
713 1054 894 1104 habens,
923 1056 1037 1095 teres
1065 1056 1193 1108 atque
1220 1055 1441 1108 rotundus,
1474 1066 1492 1096 5

145 1112 360 1154 Externae
392 1128 446 1154 ne
479 1113 578 1167 quid
612 1113 723 1154 labis
756 1127 832 1167 per
862 1113 976 1154 leuia
1008 1113 1131 1154 sidat.

145 1172 242 1226 Ille,
273 1172 362 1213 dies
396 1187 524 1227 quam
555 1172 711 1226 longus
744 1172 826 1212 erit
857 1171 936 1212 sub
971 1172 1106 1213 sidere
1141 1171 1293 1214 Cancri

145 1230 396 1286 Quantaque
428 1245 512 1272 nox
543 1232 711 1285 tropico
745 1245 789 1272 se
821 1230 1007 1285 porrigit
1038 1231 1084 1272 in
1117 1230 1398 1285 Capricorno,

145 1288 321 1345 Cogitat
352 1293 395 1331 et
426 1291 538 1331 iusto
571 1290 759 1331 trutinae
792 1304 836 1330 se
869 1290 1062 1331 examine
1093 1290 1259 1344 pendit,

144 1348 210 1390 Ne
243 1350 342 1403 quid
374 1349 484 1403 hiet,
515 1364 568 1390 ne
603 1349 703 1403 quid
735 1349 1004 1403 protuberet,
1037 1350 1218 1403 angulus
1252 1349 1396 1404 aequis
1451 1362 1491 1391 10

142 1407 346 1450 Partibus
378 1411 427 1450 ut
458 1411 597 1457 coeat,
628 1408 690 1449 nil
723 1410 770 1448 ut
802 1408 952 1449 deliret
984 1408 1186 1462 amussis,

143 1465 210 1508 Sit
243 1467 444 1520 solidum,
478 1467 774 1522 quodcumque
807 1467 971 1519 subest,
1002 1482 1080 1509 nec
1113 1468 1256 1509 inania
1289 1468 1435 1509 subter

141 1525 309 1567 Indicet
342 1527 539 1567 admotus
573 1525 721 1581 digitis
754 1526 1015 1579 pellentibus
1048 1526 1176 1579 ictus,

143 1585 243 1627 Non
276 1586 394 1640 prius
427 1586 469 1626 in
503 1585 670 1626 dulcem
704 1584 924 1626 declinans
956 1585 1120 1626 lumina
1151 1600 1367 1638 somnum,

143 1644 298 1686 Omnia
331 1659 459 1698 quam
491 1644 613 1698 longi
644 1644 912 1698 reputauerit
945 1646 1041 1686 acta
1073 1644 1174 1686 diei:
1450 1656 1490 1686 15

242 1753 285 1783 58
312 1748 350 1782 in
376 1759 502 1783 casum
527 1748 564 1782 P
635 1751 678 1782 59
706 1750 873 1784 autorem
899 1748 936 1782 P
1005 1752 1047 1782 62
1074 1748 1136 1782 llli
1161 1749 1332 1792 equidem
1361 1749 1492 1794 Peiper

142 1795 285 1839 Illaque
307 1796 365 1840 ΡΙ
388 1796 519 1840 stigias
540 1796 577 1830 P
647 1800 691 1830 63
718 1795 997 1841 pitagoreorum
1019 1796 1055 1830 P
1075 1796 1080 1840 Ι
1103 1796 1192 1840 quid
1219 1796 1254 1830 P
1326 1801 1370 1832 64
1397 1798 1490 1842 sese]

143 1854 221 1878 esse
248 1843 306 1887 P}
334 1842 483 1877 mallint
512 1843 547 1876 Ρ

8 1900 125 1935 r'GP
237 1901 287 1935 III
325 1900 380 1935 De
406 1901 486 1935 uiro
513 1901 610 1936 bono
638 1928 644 1935 .
672 1912 889 1936 Px-Tacomcr
908 1912 1066 1936 a'rmaclc
1098 1902 1133 1936 V
1167 1903 1276 1945 (mede
1301 1899 1492 1946 ἀποφασις

142 1948 272 1992 Peiper
292 1949 336 1990 cf.
359 1950 446 1991 362,
459 1951 530 1988 51).
582 1947 771 1992 Incipiunt
798 1952 876 1993 (om.
898 1949 946 1985 G)
973 1949 1017 1984 de
1043 1948 1279 1984 institutione
1306 1949 1377 1983 uiri
1403 1951 1491 1985 boni

142 1995 222 2030 GP
316 2000 336 2029 3
363 1995 457 2039 {igue
492 1994 538 2030 V¹
636 1999 658 2028 4
684 1995 792 2041 leuis]
820 1996 899 2030 lues
934 1996 997 2039 V!
1032 1995 1155 2041 epinio
1189 1996 1252 2040 Vl
1286 1996 1405 2042 uolgi]
1444 1998 1489 2031 Vl

137 2046 222 2087 post
246 2045 268 2075 4
294 2044 468 2077 excidisse
492 2053 637 2076 uersum
663 2045 793 2077 statuit
818 2043 995 2086 Ribbeck,
1025 2047 1106 2087 post
1138 2054 1308 2088 proceres
1335 2045 1490 2079 decorum

140 2101 312 2124 uersuum
337 2090 542 2133 particulas
566 2090 775 2133 suspicatur
800 2090 959 2125 Schenkl.
1059 2095 1079 2124 5
1107 2090 1219 2125 abens
1253 2091 1309 2131 V!
1338 2091 1427 2136 adqs
1460 2092 1494 2125 V

214 2140 233 2171 6
266 2137 360 2171 lauis
394 2137 428 2171 V
459 2138 462 2179 Ι
502 2147 568 2180 per
600 2136 709 2170 deuia
736 2138 772 2171 P
867 2142 884 2172 7
913 2137 1009 2171 diem
1044 2136 1165 2171 VGP
1202 2137 1279 2171 dics
1317 2138 1413 2174 Voss.
1441 2143 1490 2174 5¹0·

139 2195 167 2220 s.
197 2184 285 2219 XV
361 2188 380 2218 9
409 2183 567 2228 cogitat]
596 2182 738 2227 cotigat
770 2185 817 2218 V*
842 2187 847 2228 Ι
874 2185 1038 2219 tuti-inae
1072 2185 1106 2219 V
1178 2188 1220 2219 10
1247 2195 1384 2230 aequus
1410 2186 1446 2221 P

142 2259 183 2289 11
210 2240 322 2299 {oeat
349 2255 382 2290 V
405 2257 506 2290 coeat
532 2254 564 2289 G
587 2255 590 2297 ἲ
615 2239 727 2289 anissis
755 2255 789 2289 V
811 2255 957 2289 amissis
986 2255 1022 2289 P
1105 2259 1146 2289 12
1175 2267 1393 2300 quocunque
1421 2256 1453 2291 G
1483 2257 1485 2294 Ι,

139 2301 251 2338 ianua
280 2301 313 2337 G
412 2306 454 2336 13
481 2302 603 2337 hictus
638 2302 672 2333 V
768 2307 809 2337 15
836 2302 1018 2347 reputarit
1043 2302 1079 2336 P
1099 2305 1102 2344 ῐ
1125 2303 1236 2337 hacta
1269 2303 1304 2337 V
