<?xml version="1.0" encoding="UTF-8"?>
<!DOCTYPE html PUBLIC "-//W3C//DTD XHTML 1.0 Transitional//EN"
    "http://www.w3.org/TR/xhtml1/DTD/xhtml1-transitional.dtd">
<html xmlns="http://www.w3.org/1999/xhtml" xml:lang="en" lang="en">
 <head>
  <title>
</title>
<meta http-equiv="Content-Type" content="text/html;charset=utf-8" />
  <meta name='ocr-system' content='tesseract 3.04.00' />
  <meta name='ocr-capabilities' content='ocr_page ocr_carea ocr_par ocr_line ocrx_word'/>
</head>
<body>
  <div class='ocr_page' id='page_1' title='image "./opuscula00ausouoft_0531.png"; bbox 0 0 1563 2511; ppageno 0'>
   <div class='ocr_carea' id='block_1_1' title="bbox 566 90 883 130">
    <p class='ocr_par' dir='ltr' id='par_1_1' title="bbox 566 90 883 130">
     <span class='ocr_line' id='line_1_1' title="bbox 566 90 883 130; baseline 0 0"><span class='ocrx_word' id='word_1_1' title='bbox 566 113 620 118; x_wconf 85' lang='lat'>--</span> <span class='ocrx_word' id='word_1_2' title='bbox 684 90 766 130; x_wconf 78' lang='lat'>397</span> <span class='ocrx_word' id='word_1_3' title='bbox 835 113 883 118; x_wconf 87' lang='lat'>—-</span> 
     </span>
    </p>
   </div>
   <div class='ocr_carea' id='block_1_2' title="bbox 705 228 748 262">
    <p class='ocr_par' dir='ltr' id='par_1_2' title="bbox 705 228 748 262">
     <span class='ocr_line' id='line_1_2' title="bbox 705 228 748 262; baseline 0 0"><span class='ocrx_word' id='word_1_4' title='bbox 705 228 748 262; x_wconf 95' lang='lat' dir='ltr'>X.</span> 
     </span>
    </p>
   </div>
   <div class='ocr_carea' id='block_1_3' title="bbox 188 294 1269 389">
    <p class='ocr_par' dir='ltr' id='par_1_3' title="bbox 188 294 1269 389">
     <span class='ocr_line' id='line_1_3' title="bbox 188 294 1269 343; baseline 0 -11"><span class='ocrx_word' id='word_1_5' title='bbox 188 296 365 343; x_wconf 80' lang='grc' dir='ltr'><em>&lt;Αἰολίην</em></span> <span class='ocrx_word' id='word_1_6' title='bbox 392 295 428 332; x_wconf 81' lang='grc' dir='ltr'>δ’</span> <span class='ocrx_word' id='word_1_7' title='bbox 459 295 495 337; x_wconf 80' lang='grc' dir='ltr'>ἔς</span> <span class='ocrx_word' id='word_1_8' title='bbox 520 299 634 342; x_wconf 79' lang='grc' dir='ltr'><em>νῆσον</em></span> <span class='ocrx_word' id='word_1_9' title='bbox 661 294 895 342; x_wconf 76' lang='grc' dir='ltr'><em>ἀφικόμεθ’·</em></span> <span class='ocrx_word' id='word_1_10' title='bbox 925 297 1022 332; x_wconf 74' lang='grc' dir='ltr'>ἔνθα</span> <span class='ocrx_word' id='word_1_11' title='bbox 1050 295 1085 332; x_wconf 83' lang='grc' dir='ltr'>δ’</span> <span class='ocrx_word' id='word_1_12' title='bbox 1116 297 1269 343; x_wconf 74' lang='grc' dir='ltr'>ἔναιεν)</span> 
     </span>
     <span class='ocr_line' id='line_1_4' title="bbox 188 344 1266 389; baseline -0.002 -10"><span class='ocrx_word' id='word_1_13' title='bbox 188 344 356 379; x_wconf 83' lang='lat' dir='ltr'>Aeoliam</span> <span class='ocrx_word' id='word_1_14' title='bbox 383 346 579 379; x_wconf 86' lang='lat' dir='ltr'>uentorum</span> <span class='ocrx_word' id='word_1_15' title='bbox 604 344 750 389; x_wconf 80' lang='lat' dir='ltr'>agimur</span> <span class='ocrx_word' id='word_1_16' title='bbox 777 344 1008 388; x_wconf 78' lang='lat' dir='ltr'>patriamque</span> <span class='ocrx_word' id='word_1_17' title='bbox 1035 346 1266 388; x_wconf 88' lang='lat' dir='ltr'>domumque.</span> 
     </span>
    </p>
   </div>
   <div class='ocr_carea' id='block_1_4' title="bbox 55 427 1467 1306">
    <p class='ocr_par' dir='ltr' id='par_1_4' title="bbox 55 427 1467 1306">
     <span class='ocr_line' id='line_1_5' title="bbox 146 427 1397 483; baseline 0.001 -15"><span class='ocrx_word' id='word_1_18' title='bbox 146 427 261 470; x_wconf 87' lang='lat' dir='ltr'>Hinc</span> <span class='ocrx_word' id='word_1_19' title='bbox 292 429 424 470; x_wconf 86' lang='lat' dir='ltr'>refert</span> <span class='ocrx_word' id='word_1_20' title='bbox 450 428 647 470; x_wconf 83' lang='lat' dir='ltr'>Aeoliam</span> <span class='ocrx_word' id='word_1_21' title='bbox 681 443 725 469; x_wconf 88' lang='lat' dir='ltr'>se</span> <span class='ocrx_word' id='word_1_22' title='bbox 755 428 886 469; x_wconf 85' lang='lat' dir='ltr'>fuisse</span> <span class='ocrx_word' id='word_1_23' title='bbox 920 431 1166 482; x_wconf 88' lang='lat' dir='ltr'>peruectum</span> <span class='ocrx_word' id='word_1_24' title='bbox 1193 428 1397 483; x_wconf 87' lang='lat' dir='ltr'>donisque</span> 
     </span>
     <span class='ocr_line' id='line_1_6' title="bbox 58 487 1399 542; baseline 0.001 -15"><span class='ocrx_word' id='word_1_25' title='bbox 58 487 263 528; x_wconf 89' lang='lat' dir='ltr'>donatum</span> <span class='ocrx_word' id='word_1_26' title='bbox 302 487 355 528; x_wconf 89' lang='lat' dir='ltr'>ab</span> <span class='ocrx_word' id='word_1_27' title='bbox 387 488 521 529; x_wconf 81' lang='lat' dir='ltr'>Aeolo</span> <span class='ocrx_word' id='word_1_28' title='bbox 560 501 658 542; x_wconf 82' lang='lat' dir='ltr'>rege</span> <span class='ocrx_word' id='word_1_29' title='bbox 697 490 942 537; x_wconf 87' lang='lat' dir='ltr'>uentorum,</span> <span class='ocrx_word' id='word_1_30' title='bbox 982 487 1054 542; x_wconf 85' lang='lat' dir='ltr'>qui</span> <span class='ocrx_word' id='word_1_31' title='bbox 1093 488 1291 528; x_wconf 87' lang='lat' dir='ltr'>omnibus</span> <span class='ocrx_word' id='word_1_32' title='bbox 1331 501 1399 528; x_wconf 95' lang='lat' dir='ltr'>co-</span> 
     </span>
     <span class='ocr_line' id='line_1_7' title="bbox 57 546 1443 601; baseline 0 -15"><span class='ocrx_word' id='word_1_33' title='bbox 57 546 185 587; x_wconf 84' lang='lat' dir='ltr'>miter</span> <span class='ocrx_word' id='word_1_34' title='bbox 217 546 443 600; x_wconf 73' lang='lat' dir='ltr'>praebitis,</span> <span class='ocrx_word' id='word_1_35' title='bbox 483 561 565 601; x_wconf 91' lang='lat' dir='ltr'>quo</span> <span class='ocrx_word' id='word_1_36' title='bbox 605 546 795 588; x_wconf 83' lang='lat' dir='ltr'>securior</span> <span class='ocrx_word' id='word_1_37' title='bbox 825 546 1070 601; x_wconf 81' lang='lat' dir='ltr'>nauigaret,</span> <span class='ocrx_word' id='word_1_38' title='bbox 1108 546 1235 587; x_wconf 85' lang='lat' dir='ltr'>flatus</span> <span class='ocrx_word' id='word_1_39' title='bbox 1270 546 1396 586; x_wconf 90' lang='lat' dir='ltr'>etiam</span> <span class='ocrx_word' id='word_1_40' title='bbox 1424 562 1443 593; x_wconf 88' lang='lat'>5</span> 
     </span>
     <span class='ocr_line' id='line_1_8' title="bbox 58 604 1397 659; baseline -0.001 -14"><span class='ocrx_word' id='word_1_41' title='bbox 58 604 223 646; x_wconf 87' lang='lat' dir='ltr'>dederit</span> <span class='ocrx_word' id='word_1_42' title='bbox 259 608 352 646; x_wconf 86' lang='lat' dir='ltr'>utre</span> <span class='ocrx_word' id='word_1_43' title='bbox 392 606 629 647; x_wconf 89' lang='lat' dir='ltr'>conclusos:</span> <span class='ocrx_word' id='word_1_44' title='bbox 676 608 824 659; x_wconf 85' lang='lat' dir='ltr'>utque,</span> <span class='ocrx_word' id='word_1_45' title='bbox 862 620 955 646; x_wconf 88' lang='lat' dir='ltr'>cum</span> <span class='ocrx_word' id='word_1_46' title='bbox 993 604 1079 645; x_wconf 90' lang='lat' dir='ltr'>iam</span> <span class='ocrx_word' id='word_1_47' title='bbox 1118 605 1169 645; x_wconf 85' lang='lat' dir='ltr'>ad</span> <span class='ocrx_word' id='word_1_48' title='bbox 1206 604 1397 645; x_wconf 87' lang='lat' dir='ltr'>Ithacam</span> 
     </span>
     <span class='ocr_line' id='line_1_9' title="bbox 56 663 1397 718; baseline -0.001 -13"><span class='ocrx_word' id='word_1_49' title='bbox 56 663 382 718; x_wconf 85' lang='lat' dir='ltr'>propinquaret,</span> <span class='ocrx_word' id='word_1_50' title='bbox 431 664 599 705; x_wconf 87' lang='lat' dir='ltr'>refusus</span> <span class='ocrx_word' id='word_1_51' title='bbox 644 664 702 705; x_wconf 86' lang='lat' dir='ltr'>sit</span> <span class='ocrx_word' id='word_1_52' title='bbox 745 664 788 705; x_wconf 86' lang='lat' dir='ltr'>in</span> <span class='ocrx_word' id='word_1_53' title='bbox 833 678 1031 718; x_wconf 88' lang='lat' dir='ltr'>soporem</span> <span class='ocrx_word' id='word_1_54' title='bbox 1077 663 1264 717; x_wconf 89' lang='lat' dir='ltr'>sociique</span> <span class='ocrx_word' id='word_1_55' title='bbox 1309 663 1397 704; x_wconf 88' lang='lat' dir='ltr'>eius</span> 
     </span>
     <span class='ocr_line' id='line_1_10' title="bbox 58 721 1398 777; baseline 0 -15"><span class='ocrx_word' id='word_1_56' title='bbox 58 736 159 777; x_wconf 87' lang='lat' dir='ltr'>opes</span> <span class='ocrx_word' id='word_1_57' title='bbox 204 723 369 777; x_wconf 84' lang='lat' dir='ltr'>aliquas</span> <span class='ocrx_word' id='word_1_58' title='bbox 410 723 455 764; x_wconf 88' lang='lat' dir='ltr'>in</span> <span class='ocrx_word' id='word_1_59' title='bbox 495 737 642 764; x_wconf 88' lang='lat' dir='ltr'>soraco</span> <span class='ocrx_word' id='word_1_60' title='bbox 687 738 779 764; x_wconf 89' lang='lat' dir='ltr'>esse</span> <span class='ocrx_word' id='word_1_61' title='bbox 825 722 1117 764; x_wconf 73' lang='lat' dir='ltr'>existimantes</span> <span class='ocrx_word' id='word_1_62' title='bbox 1163 721 1398 763; x_wconf 71' lang='lat' dir='ltr'>dormiente</span> 
     </span>
     <span class='ocr_line' id='line_1_11' title="bbox 56 780 1397 836; baseline 0 -15"><span class='ocrx_word' id='word_1_63' title='bbox 56 781 149 835; x_wconf 87' lang='lat' dir='ltr'>ipso</span> <span class='ocrx_word' id='word_1_64' title='bbox 187 782 331 823; x_wconf 86' lang='lat' dir='ltr'>uincla</span> <span class='ocrx_word' id='word_1_65' title='bbox 369 781 642 823; x_wconf 87' lang='lat' dir='ltr'>dissoluerint</span> <span class='ocrx_word' id='word_1_66' title='bbox 680 782 954 836; x_wconf 87' lang='lat' dir='ltr'>aduersisque</span> <span class='ocrx_word' id='word_1_67' title='bbox 999 781 1172 822; x_wconf 88' lang='lat' dir='ltr'>flatibus</span> <span class='ocrx_word' id='word_1_68' title='bbox 1217 781 1303 821; x_wconf 88' lang='lat' dir='ltr'>iam</span> <span class='ocrx_word' id='word_1_69' title='bbox 1345 780 1397 821; x_wconf 86' lang='lat' dir='ltr'>ab</span> 
     </span>
     <span class='ocr_line' id='line_1_12' title="bbox 56 838 1467 905; baseline -0.001 -25"><span class='ocrx_word' id='word_1_70' title='bbox 56 840 151 893; x_wconf 88' lang='lat' dir='ltr'>ipsa</span> <span class='ocrx_word' id='word_1_71' title='bbox 189 841 330 894; x_wconf 86' lang='lat' dir='ltr'>patria</span> <span class='ocrx_word' id='word_1_72' title='bbox 369 841 455 881; x_wconf 87' lang='lat' dir='ltr'>sint</span> <span class='ocrx_word' id='word_1_73' title='bbox 492 841 628 882; x_wconf 85' lang='lat' dir='ltr'>relati.</span> <span class='ocrx_word' id='word_1_74' title='bbox 690 841 786 881; x_wconf 89' lang='lat' dir='ltr'>inde</span> <span class='ocrx_word' id='word_1_75' title='bbox 826 843 873 881; x_wconf 91' lang='lat' dir='ltr'>ut</span> <span class='ocrx_word' id='word_1_76' title='bbox 911 840 963 881; x_wconf 85' lang='lat' dir='ltr'>ad</span> <span class='ocrx_word' id='word_1_77' title='bbox 995 839 1263 905; x_wconf 74' lang='lat' dir='ltr'>Antiphaten</span> <span class='ocrx_word' id='word_1_78' title='bbox 1295 838 1397 880; x_wconf 85' lang='lat' dir='ltr'>Lae·</span> <span class='ocrx_word' id='word_1_79' title='bbox 1426 856 1467 886; x_wconf 92' lang='lat'>10</span> 
     </span>
     <span class='ocr_line' id='line_1_13' title="bbox 58 897 1396 954; baseline -0.001 -15"><span class='ocrx_word' id='word_1_80' title='bbox 58 902 372 954; x_wconf 79' lang='lat' dir='ltr'>strygonasque</span> <span class='ocrx_word' id='word_1_81' title='bbox 400 900 565 940; x_wconf 87' lang='lat' dir='ltr'>delatus</span> <span class='ocrx_word' id='word_1_82' title='bbox 593 900 666 940; x_wconf 90' lang='lat' dir='ltr'>sit:</span> <span class='ocrx_word' id='word_1_83' title='bbox 694 899 754 940; x_wconf 89' lang='lat' dir='ltr'>ibi</span> <span class='ocrx_word' id='word_1_84' title='bbox 780 899 949 940; x_wconf 87' lang='lat' dir='ltr'>amissis</span> <span class='ocrx_word' id='word_1_85' title='bbox 975 913 1059 939; x_wconf 89' lang='lat' dir='ltr'>una</span> <span class='ocrx_word' id='word_1_86' title='bbox 1086 898 1224 939; x_wconf 85' lang='lat' dir='ltr'>minus</span> <span class='ocrx_word' id='word_1_87' title='bbox 1247 897 1396 938; x_wconf 88' lang='lat' dir='ltr'>ceteris</span> 
     </span>
     <span class='ocr_line' id='line_1_14' title="bbox 56 956 1397 1022; baseline -0.001 -24"><span class='ocrx_word' id='word_1_88' title='bbox 56 957 238 998; x_wconf 88' lang='lat' dir='ltr'>nauibus</span> <span class='ocrx_word' id='word_1_89' title='bbox 263 956 486 999; x_wconf 84' lang='lat' dir='ltr'>Circaeum</span> <span class='ocrx_word' id='word_1_90' title='bbox 518 958 620 999; x_wconf 91' lang='lat' dir='ltr'>litus</span> <span class='ocrx_word' id='word_1_91' title='bbox 653 958 880 999; x_wconf 87' lang='lat' dir='ltr'>accesserit</span> <span class='ocrx_word' id='word_1_92' title='bbox 910 957 1055 1011; x_wconf 86' lang='lat' dir='ltr'>ibique</span> <span class='ocrx_word' id='word_1_93' title='bbox 1087 956 1292 998; x_wconf 89' lang='lat' dir='ltr'>ueneficio</span> <span class='ocrx_word' id='word_1_94' title='bbox 1313 970 1397 1022; x_wconf 38' lang='lat' dir='ltr'>&#39;po-</span> 
     </span>
     <span class='ocr_line' id='line_1_15' title="bbox 56 1016 1398 1071; baseline -0.001 -15"><span class='ocrx_word' id='word_1_95' title='bbox 56 1017 186 1057; x_wconf 85' lang='lat' dir='ltr'>tentis</span> <span class='ocrx_word' id='word_1_96' title='bbox 226 1016 327 1058; x_wconf 89' lang='lat' dir='ltr'>deae</span> <span class='ocrx_word' id='word_1_97' title='bbox 360 1016 632 1071; x_wconf 82' lang='lat' dir='ltr'>Eurylochus</span> <span class='ocrx_word' id='word_1_98' title='bbox 672 1020 715 1058; x_wconf 89' lang='lat' dir='ltr'>et</span> <span class='ocrx_word' id='word_1_99' title='bbox 745 1017 970 1071; x_wconf 82' lang='lat' dir='ltr'>praemissi</span> <span class='ocrx_word' id='word_1_100' title='bbox 1009 1031 1103 1057; x_wconf 90' lang='lat' dir='ltr'>cum</span> <span class='ocrx_word' id='word_1_101' title='bbox 1138 1030 1186 1057; x_wconf 91' lang='lat' dir='ltr'>eo</span> <span class='ocrx_word' id='word_1_102' title='bbox 1219 1016 1323 1056; x_wconf 83' lang='lat' dir='ltr'>socii</span> <span class='ocrx_word' id='word_1_103' title='bbox 1355 1016 1398 1055; x_wconf 88' lang='lat' dir='ltr'>in</span> 
     </span>
     <span class='ocr_line' id='line_1_16' title="bbox 55 1075 1397 1130; baseline -0.001 -15"><span class='ocrx_word' id='word_1_104' title='bbox 55 1075 242 1116; x_wconf 87' lang='lat' dir='ltr'>ferarum</span> <span class='ocrx_word' id='word_1_105' title='bbox 276 1090 350 1117; x_wconf 87' lang='lat' dir='ltr'>ora</span> <span class='ocrx_word' id='word_1_106' title='bbox 379 1076 683 1118; x_wconf 90' lang='lat' dir='ltr'>conuerterint:</span> <span class='ocrx_word' id='word_1_107' title='bbox 715 1076 807 1130; x_wconf 90' lang='lat' dir='ltr'>ipse</span> <span class='ocrx_word' id='word_1_108' title='bbox 840 1076 970 1116; x_wconf 88' lang='lat' dir='ltr'>etiam</span> <span class='ocrx_word' id='word_1_109' title='bbox 1003 1075 1161 1115; x_wconf 81' lang='lat' dir='ltr'>similia</span> <span class='ocrx_word' id='word_1_110' title='bbox 1193 1087 1397 1128; x_wconf 88' lang='lat' dir='ltr'>passurus</span> 
     </span>
     <span class='ocr_line' id='line_1_17' title="bbox 57 1133 1467 1188; baseline -0.001 -14"><span class='ocrx_word' id='word_1_111' title='bbox 57 1133 268 1175; x_wconf 79' lang='lat' dir='ltr'>Mercurio</span> <span class='ocrx_word' id='word_1_112' title='bbox 319 1138 573 1188; x_wconf 83' lang='lat' dir='ltr'>procurante</span> <span class='ocrx_word' id='word_1_113' title='bbox 623 1135 826 1176; x_wconf 88' lang='lat' dir='ltr'>uitauerit</span> <span class='ocrx_word' id='word_1_114' title='bbox 870 1138 1116 1188; x_wconf 88' lang='lat' dir='ltr'>ceterosque</span> <span class='ocrx_word' id='word_1_115' title='bbox 1162 1133 1300 1174; x_wconf 90' lang='lat' dir='ltr'>socios</span> <span class='ocrx_word' id='word_1_116' title='bbox 1346 1133 1397 1173; x_wconf 87' lang='lat' dir='ltr'>ad</span> <span class='ocrx_word' id='word_1_117' title='bbox 1426 1149 1467 1179; x_wconf 88' lang='lat'>15</span> 
     </span>
     <span class='ocr_line' id='line_1_18' title="bbox 59 1191 1395 1248; baseline -0.001 -14"><span class='ocrx_word' id='word_1_118' title='bbox 59 1193 243 1246; x_wconf 88' lang='lat' dir='ltr'>speciem</span> <span class='ocrx_word' id='word_1_119' title='bbox 287 1194 514 1247; x_wconf 84' lang='lat' dir='ltr'>pristinam</span> <span class='ocrx_word' id='word_1_120' title='bbox 560 1193 696 1248; x_wconf 85' lang='lat' dir='ltr'>redigi</span> <span class='ocrx_word' id='word_1_121' title='bbox 740 1194 914 1235; x_wconf 87' lang='lat' dir='ltr'>uirtutis</span> <span class='ocrx_word' id='word_1_122' title='bbox 960 1191 1240 1233; x_wconf 84' lang='lat' dir='ltr'>admiratione</span> <span class='ocrx_word' id='word_1_123' title='bbox 1286 1206 1395 1232; x_wconf 90' lang='lat' dir='ltr'>com-</span> 
     </span>
     <span class='ocr_line' id='line_1_19' title="bbox 56 1252 225 1306; baseline 0 -14"><span class='ocrx_word' id='word_1_124' title='bbox 56 1252 225 1306; x_wconf 87' lang='lat' dir='ltr'>pulerit.</span> 
     </span>
    </p>
   </div>
   <div class='ocr_carea' id='block_1_5' title="bbox 693 1367 754 1402">
    <p class='ocr_par' dir='ltr' id='par_1_5' title="bbox 693 1367 754 1402">
     <span class='ocr_line' id='line_1_20' title="bbox 693 1367 754 1402; baseline 0 0"><span class='ocrx_word' id='word_1_125' title='bbox 693 1367 754 1402; x_wconf 83' lang='lat' dir='ltr'>XI.</span> 
     </span>
    </p>
   </div>
   <div class='ocr_carea' id='block_1_6' title="bbox 174 1433 1298 1529">
    <p class='ocr_par' dir='ltr' id='par_1_6' title="bbox 174 1433 1298 1529">
     <span class='ocr_line' id='line_1_21' title="bbox 174 1433 1298 1482; baseline -0.001 -11"><span class='ocrx_word' id='word_1_126' title='bbox 174 1434 326 1482; x_wconf 77' lang='grc' dir='ltr'><em>&lt;Αὗτὰρ</em></span> <span class='ocrx_word' id='word_1_127' title='bbox 354 1433 439 1472; x_wconf 77' lang='grc' dir='ltr'><strong><em>ἐπεί</em></strong></span> <span class='ocrx_word' id='word_1_128' title='bbox 462 1434 497 1482; x_wconf 71' lang='grc' dir='ltr'>ῥ’</span> <span class='ocrx_word' id='word_1_129' title='bbox 528 1435 588 1472; x_wconf 80' lang='grc' dir='ltr'>ἐπὶ</span> <span class='ocrx_word' id='word_1_130' title='bbox 614 1438 689 1481; x_wconf 77' lang='grc' dir='ltr'>νῆα</span> <span class='ocrx_word' id='word_1_131' title='bbox 715 1436 953 1482; x_wconf 73' lang='grc' dir='ltr'><em>κατήλθομεν</em></span> <span class='ocrx_word' id='word_1_132' title='bbox 979 1435 1045 1481; x_wconf 76' lang='grc' dir='ltr'>ἠδὲ</span> <span class='ocrx_word' id='word_1_133' title='bbox 1073 1435 1298 1482; x_wconf 76' lang='grc' dir='ltr'>θάλασσαν)</span> 
     </span>
     <span class='ocr_line' id='line_1_22' title="bbox 174 1484 1166 1529; baseline 0.001 -12"><span class='ocrx_word' id='word_1_134' title='bbox 174 1484 225 1518; x_wconf 92' lang='lat' dir='ltr'>At</span> <span class='ocrx_word' id='word_1_135' title='bbox 249 1486 447 1529; x_wconf 84' lang='lat' dir='ltr'>postquam</span> <span class='ocrx_word' id='word_1_136' title='bbox 472 1487 623 1520; x_wconf 85' lang='lat' dir='ltr'>uentum</span> <span class='ocrx_word' id='word_1_137' title='bbox 651 1486 698 1519; x_wconf 89' lang='lat' dir='ltr'>ad</span> <span class='ocrx_word' id='word_1_138' title='bbox 724 1495 836 1519; x_wconf 84' lang='lat' dir='ltr'>naues</span> <span class='ocrx_word' id='word_1_139' title='bbox 863 1485 901 1520; x_wconf 89' lang='lat' dir='ltr'>et</span> <span class='ocrx_word' id='word_1_140' title='bbox 926 1485 1036 1519; x_wconf 83' lang='lat' dir='ltr'>litora</span> <span class='ocrx_word' id='word_1_141' title='bbox 1060 1484 1166 1528; x_wconf 86' lang='lat' dir='ltr'>ponti</span> 
     </span>
    </p>
   </div>
   <div class='ocr_carea' id='block_1_7' title="bbox 55 1567 1444 1917">
    <p class='ocr_par' dir='ltr' id='par_1_7' title="bbox 55 1567 1444 1917">
     <span class='ocr_line' id='line_1_23' title="bbox 145 1567 1396 1623; baseline -0.002 -14"><span class='ocrx_word' id='word_1_142' title='bbox 145 1567 378 1622; x_wconf 86' lang='lat' dir='ltr'>Digressus</span> <span class='ocrx_word' id='word_1_143' title='bbox 418 1584 442 1610; x_wconf 89' lang='lat' dir='ltr'>a</span> <span class='ocrx_word' id='word_1_144' title='bbox 483 1568 605 1611; x_wconf 85' lang='lat' dir='ltr'>Circa</span> <span class='ocrx_word' id='word_1_145' title='bbox 642 1569 863 1610; x_wconf 88' lang='lat' dir='ltr'>Auernum</span> <span class='ocrx_word' id='word_1_146' title='bbox 907 1569 1118 1623; x_wconf 84' lang='lat' dir='ltr'>peruenit,</span> <span class='ocrx_word' id='word_1_147' title='bbox 1164 1568 1235 1622; x_wconf 87' lang='lat' dir='ltr'>qui</span> <span class='ocrx_word' id='word_1_148' title='bbox 1280 1567 1396 1607; x_wconf 91' lang='lat' dir='ltr'>locus</span> 
     </span>
     <span class='ocr_line' id='line_1_24' title="bbox 56 1626 1398 1679; baseline -0.002 -11"><span class='ocrx_word' id='word_1_149' title='bbox 56 1627 283 1668; x_wconf 87' lang='lat' dir='ltr'>descensus</span> <span class='ocrx_word' id='word_1_150' title='bbox 315 1627 365 1668; x_wconf 85' lang='lat' dir='ltr'>ad</span> <span class='ocrx_word' id='word_1_151' title='bbox 397 1627 545 1669; x_wconf 88' lang='lat' dir='ltr'>Manes</span> <span class='ocrx_word' id='word_1_152' title='bbox 585 1629 865 1669; x_wconf 84' lang='lat' dir='ltr'>existimatur.</span> <span class='ocrx_word' id='word_1_153' title='bbox 920 1628 980 1669; x_wconf 90' lang='lat' dir='ltr'>ibi</span> <span class='ocrx_word' id='word_1_154' title='bbox 1020 1628 1151 1669; x_wconf 88' lang='lat' dir='ltr'>sacris</span> <span class='ocrx_word' id='word_1_155' title='bbox 1190 1626 1270 1666; x_wconf 91' lang='lat' dir='ltr'>rite</span> <span class='ocrx_word' id='word_1_156' title='bbox 1309 1640 1398 1679; x_wconf 84' lang='lat' dir='ltr'>per-</span> 
     </span>
     <span class='ocr_line' id='line_1_25' title="bbox 55 1685 1444 1741; baseline -0.001 -15"><span class='ocrx_word' id='word_1_157' title='bbox 55 1685 179 1727; x_wconf 87' lang='lat' dir='ltr'>fectis</span> <span class='ocrx_word' id='word_1_158' title='bbox 220 1686 412 1727; x_wconf 83' lang='lat' dir='ltr'>scrobem</span> <span class='ocrx_word' id='word_1_159' title='bbox 451 1687 640 1741; x_wconf 86' lang='lat' dir='ltr'>complet</span> <span class='ocrx_word' id='word_1_160' title='bbox 682 1687 799 1728; x_wconf 90' lang='lat' dir='ltr'>sanie</span> <span class='ocrx_word' id='word_1_161' title='bbox 838 1687 1110 1728; x_wconf 88' lang='lat' dir='ltr'>uictimarum</span> <span class='ocrx_word' id='word_1_162' title='bbox 1150 1688 1191 1726; x_wconf 89' lang='lat' dir='ltr'>et</span> <span class='ocrx_word' id='word_1_163' title='bbox 1223 1685 1396 1726; x_wconf 86' lang='lat' dir='ltr'>circum·</span> <span class='ocrx_word' id='word_1_164' title='bbox 1425 1700 1444 1730; x_wconf 86' lang='lat'>5</span> 
     </span>
     <span class='ocr_line' id='line_1_26' title="bbox 55 1743 1398 1787; baseline -0.001 -2"><span class='ocrx_word' id='word_1_165' title='bbox 55 1745 336 1786; x_wconf 87' lang='lat' dir='ltr'>uolitantibus</span> <span class='ocrx_word' id='word_1_166' title='bbox 376 1745 600 1787; x_wconf 85' lang='lat' dir='ltr'>animabus</span> <span class='ocrx_word' id='word_1_167' title='bbox 639 1746 802 1786; x_wconf 88' lang='lat' dir='ltr'>nullam</span> <span class='ocrx_word' id='word_1_168' title='bbox 845 1746 948 1787; x_wconf 88' lang='lat' dir='ltr'>sinit</span> <span class='ocrx_word' id='word_1_169' title='bbox 990 1746 1193 1787; x_wconf 87' lang='lat' dir='ltr'>haustum</span> <span class='ocrx_word' id='word_1_170' title='bbox 1237 1743 1398 1784; x_wconf 84' lang='lat' dir='ltr'>cruoris</span> 
     </span>
     <span class='ocr_line' id='line_1_27' title="bbox 58 1802 1398 1858; baseline -0.002 -14"><span class='ocrx_word' id='word_1_171' title='bbox 58 1804 289 1858; x_wconf 82' lang='lat' dir='ltr'>attingere,</span> <span class='ocrx_word' id='word_1_172' title='bbox 339 1804 439 1856; x_wconf 81' lang='lat' dir='ltr'>nisi,</span> <span class='ocrx_word' id='word_1_173' title='bbox 489 1807 536 1845; x_wconf 87' lang='lat' dir='ltr'>ut</span> <span class='ocrx_word' id='word_1_174' title='bbox 581 1803 703 1845; x_wconf 86' lang='lat' dir='ltr'>Circa</span> <span class='ocrx_word' id='word_1_175' title='bbox 750 1806 991 1858; x_wconf 83' lang='lat' dir='ltr'>monuerat,</span> <span class='ocrx_word' id='word_1_176' title='bbox 1041 1804 1158 1858; x_wconf 88' lang='lat' dir='ltr'>prius</span> <span class='ocrx_word' id='word_1_177' title='bbox 1204 1802 1398 1843; x_wconf 85' lang='lat' dir='ltr'>Teresias</span> 
     </span>
     <span class='ocr_line' id='line_1_28' title="bbox 56 1860 1399 1917; baseline -0.001 -15"><span class='ocrx_word' id='word_1_178' title='bbox 56 1865 177 1903; x_wconf 88' lang='lat' dir='ltr'>uates</span> <span class='ocrx_word' id='word_1_179' title='bbox 216 1862 313 1903; x_wconf 90' lang='lat' dir='ltr'>inde</span> <span class='ocrx_word' id='word_1_180' title='bbox 355 1863 544 1904; x_wconf 86' lang='lat' dir='ltr'>libasset.</span> <span class='ocrx_word' id='word_1_181' title='bbox 608 1864 668 1904; x_wconf 90' lang='lat' dir='ltr'>ibi</span> <span class='ocrx_word' id='word_1_182' title='bbox 708 1866 749 1904; x_wconf 88' lang='lat' dir='ltr'>et</span> <span class='ocrx_word' id='word_1_183' title='bbox 787 1863 987 1905; x_wconf 85' lang='lat' dir='ltr'>heroidas</span> <span class='ocrx_word' id='word_1_184' title='bbox 1026 1863 1233 1917; x_wconf 87' lang='lat' dir='ltr'>plurimas</span> <span class='ocrx_word' id='word_1_185' title='bbox 1272 1860 1399 1913; x_wconf 83' lang='lat' dir='ltr'>uidet,</span> 
     </span>
    </p>
   </div>
   <div class='ocr_carea' id='block_1_8' title="bbox 55 1946 195 1949">
    <p class='ocr_par' dir='ltr' id='par_1_8' title="bbox 55 1946 195 1949">
     <span class='ocr_line' id='line_1_29' title="bbox 55 1946 195 1949; baseline 0 0"><span class='ocrx_word' id='word_1_186' title='bbox 55 1946 195 1949; x_wconf 95' lang='lat' dir='ltr'> </span> 
     </span>
    </p>
   </div>
   <div class='ocr_carea' id='block_1_9' title="bbox 53 1976 1403 2249">
    <p class='ocr_par' dir='ltr' id='par_1_9' title="bbox 53 1976 1403 2249">
     <span class='ocr_line' id='line_1_30' title="bbox 150 1976 1399 2023; baseline -0.002 -11"><span class='ocrx_word' id='word_1_187' title='bbox 150 1978 183 2012; x_wconf 91' lang='lat' dir='ltr'>X</span> <span class='ocrx_word' id='word_1_188' title='bbox 210 1983 229 2012; x_wconf 88' lang='lat'>3</span> <span class='ocrx_word' id='word_1_189' title='bbox 249 1980 469 2022; x_wconf 80' lang='lat' dir='ltr'>peruentum</span> <span class='ocrx_word' id='word_1_190' title='bbox 488 1979 523 2012; x_wconf 88' lang='lat' dir='ltr'><em>P</em></span> <span class='ocrx_word' id='word_1_191' title='bbox 590 1983 609 2012; x_wconf 86' lang='lat'>5</span> <span class='ocrx_word' id='word_1_192' title='bbox 630 1979 738 2013; x_wconf 87' lang='lat' dir='ltr'>flatus</span> <span class='ocrx_word' id='word_1_193' title='bbox 750 1979 878 2023; x_wconf 68' lang='lat' dir='ltr'>Peiper</span> <span class='ocrx_word' id='word_1_194' title='bbox 904 1979 1012 2013; x_wconf 78' lang='lat' dir='ltr'>lictos</span> <span class='ocrx_word' id='word_1_195' title='bbox 1027 1979 1061 2011; x_wconf 87' lang='lat' dir='ltr'><em>P</em></span> <span class='ocrx_word' id='word_1_196' title='bbox 1085 1980 1217 2012; x_wconf 82' lang='lat' dir='ltr'>uentos</span> <span class='ocrx_word' id='word_1_197' title='bbox 1233 1976 1399 2020; x_wconf 73' lang='lat' dir='ltr'>Vyoletus</span> 
     </span>
     <span class='ocr_line' id='line_1_31' title="bbox 57 2023 1403 2071; baseline -0.002 -12"><span class='ocrx_word' id='word_1_198' title='bbox 57 2030 77 2060; x_wconf 84' lang='lat'>6</span> <span class='ocrx_word' id='word_1_199' title='bbox 104 2025 201 2071; x_wconf 83' lang='lat' dir='ltr'>utre]</span> <span class='ocrx_word' id='word_1_200' title='bbox 228 2029 330 2059; x_wconf 84' lang='lat' dir='ltr'>utros</span> <span class='ocrx_word' id='word_1_201' title='bbox 354 2025 389 2058; x_wconf 91' lang='lat' dir='ltr'><em>P</em></span> <span class='ocrx_word' id='word_1_202' title='bbox 412 2027 515 2060; x_wconf 90' lang='lat' dir='ltr'>utere</span> <span class='ocrx_word' id='word_1_203' title='bbox 542 2025 708 2070; x_wconf 70' lang='lat' dir='ltr'>Vonetus</span> <span class='ocrx_word' id='word_1_204' title='bbox 730 2029 734 2069; x_wconf 92' lang='grc' dir='ltr'>Ι</span> <span class='ocrx_word' id='word_1_205' title='bbox 758 2026 803 2060; x_wconf 85' lang='lat' dir='ltr'>ad</span> <span class='ocrx_word' id='word_1_206' title='bbox 831 2027 996 2061; x_wconf 86' lang='lat' dir='ltr'>Ithacam</span> <span class='ocrx_word' id='word_1_207' title='bbox 1018 2026 1147 2069; x_wconf 76' lang='lat' dir='ltr'>Peiper</span> <span class='ocrx_word' id='word_1_208' title='bbox 1173 2025 1346 2059; x_wconf 77' lang='lat' dir='ltr'>athacam</span> <span class='ocrx_word' id='word_1_209' title='bbox 1368 2023 1403 2056; x_wconf 90' lang='lat' dir='ltr'>P</span> 
     </span>
     <span class='ocr_line' id='line_1_32' title="bbox 56 2069 1400 2118; baseline -0.004 -11"><span class='ocrx_word' id='word_1_210' title='bbox 56 2072 182 2107; x_wconf 87' lang='lat' dir='ltr'>Ithace</span> <span class='ocrx_word' id='word_1_211' title='bbox 217 2072 382 2117; x_wconf 68' lang='lat' dir='ltr'>Vyoletus</span> <span class='ocrx_word' id='word_1_212' title='bbox 455 2076 476 2107; x_wconf 89' lang='grc'>8</span> <span class='ocrx_word' id='word_1_213' title='bbox 502 2084 548 2117; x_wconf 87' lang='lat' dir='ltr'>ap</span> <span class='ocrx_word' id='word_1_214' title='bbox 553 2084 589 2107; x_wconf 88' lang='lat' dir='ltr'>es</span> <span class='ocrx_word' id='word_1_215' title='bbox 617 2073 674 2118; x_wconf 80' lang='lat' dir='ltr'>Pl</span> <span class='ocrx_word' id='word_1_216' title='bbox 699 2074 821 2107; x_wconf 84' lang='lat' dir='ltr'>sorato</span> <span class='ocrx_word' id='word_1_217' title='bbox 842 2074 879 2108; x_wconf 90' lang='lat' dir='ltr'><em>P</em></span> <span class='ocrx_word' id='word_1_218' title='bbox 900 2084 991 2108; x_wconf 76' lang='lat' dir='ltr'>corr.</span> <span class='ocrx_word' id='word_1_219' title='bbox 1013 2073 1142 2117; x_wconf 79' lang='lat' dir='ltr'>Peiper</span> <span class='ocrx_word' id='word_1_220' title='bbox 1217 2075 1259 2105; x_wconf 88' lang='lat'>10</span> <span class='ocrx_word' id='word_1_221' title='bbox 1288 2071 1328 2103; x_wconf 88' lang='lat' dir='ltr'>ut</span> <span class='ocrx_word' id='word_1_222' title='bbox 1353 2069 1400 2103; x_wconf 83' lang='lat' dir='ltr'>ad</span> 
     </span>
     <span class='ocr_line' id='line_1_33' title="bbox 56 2118 1396 2164; baseline -0.004 -10"><span class='ocrx_word' id='word_1_223' title='bbox 56 2120 208 2155; x_wconf 64' lang='lat' dir='ltr'>Schenkl</span> <span class='ocrx_word' id='word_1_224' title='bbox 234 2120 279 2154; x_wconf 85' lang='lat' dir='ltr'>ad</span> <span class='ocrx_word' id='word_1_225' title='bbox 307 2131 372 2154; x_wconf 87' lang='lat' dir='ltr'>om.</span> <span class='ocrx_word' id='word_1_226' title='bbox 400 2120 459 2163; x_wconf 79' lang='lat' dir='ltr'>Pl</span> <span class='ocrx_word' id='word_1_227' title='bbox 490 2119 672 2154; x_wconf 81' lang='lat' dir='ltr'>antifaten</span> <span class='ocrx_word' id='word_1_228' title='bbox 697 2119 990 2164; x_wconf 69' lang='lat' dir='ltr'>lei-trigonasque</span> <span class='ocrx_word' id='word_1_229' title='bbox 1018 2120 1054 2155; x_wconf 91' lang='lat' dir='ltr'><strong><em>P</em></strong></span> <span class='ocrx_word' id='word_1_230' title='bbox 1123 2122 1164 2153; x_wconf 82' lang='lat'>12</span> <span class='ocrx_word' id='word_1_231' title='bbox 1193 2118 1289 2152; x_wconf 78' lang='lat' dir='ltr'>ciica</span> <span class='ocrx_word' id='word_1_232' title='bbox 1316 2127 1396 2150; x_wconf 89' lang='lat' dir='ltr'>eum</span> 
     </span>
     <span class='ocr_line' id='line_1_34' title="bbox 53 2165 1400 2208; baseline -0.003 -8"><span class='ocrx_word' id='word_1_233' title='bbox 53 2167 130 2202; x_wconf 82' lang='lat' dir='ltr'>litis</span> <span class='ocrx_word' id='word_1_234' title='bbox 162 2167 199 2201; x_wconf 92' lang='lat' dir='ltr'><strong><em>P</em></strong></span> <span class='ocrx_word' id='word_1_235' title='bbox 306 2170 347 2200; x_wconf 90' lang='lat'>13</span> <span class='ocrx_word' id='word_1_236' title='bbox 382 2166 573 2205; x_wconf 80' lang='lat' dir='ltr'>eurylocus</span> <span class='ocrx_word' id='word_1_237' title='bbox 610 2168 643 2200; x_wconf 88' lang='lat' dir='ltr'><em>P</em></span> <span class='ocrx_word' id='word_1_238' title='bbox 753 2171 794 2202; x_wconf 85' lang='lat'>14</span> <span class='ocrx_word' id='word_1_239' title='bbox 828 2168 1053 2202; x_wconf 81' lang='lat' dir='ltr'>conuerterit</span> <span class='ocrx_word' id='word_1_240' title='bbox 1082 2166 1116 2199; x_wconf 91' lang='lat' dir='ltr'><strong><em>P</em></strong></span> <span class='ocrx_word' id='word_1_241' title='bbox 1152 2176 1241 2201; x_wconf 82' lang='lat' dir='ltr'>corr.</span> <span class='ocrx_word' id='word_1_242' title='bbox 1270 2165 1400 2208; x_wconf 62' lang='lat' dir='ltr'>Petper</span> 
     </span>
     <span class='ocr_line' id='line_1_35' title="bbox 55 2214 594 2249; baseline 0 -1"><span class='ocrx_word' id='word_1_243' title='bbox 55 2214 208 2249; x_wconf 75' lang='lat' dir='ltr'>Schenkl</span> <span class='ocrx_word' id='word_1_244' title='bbox 306 2218 348 2248; x_wconf 86' lang='grc'>16</span> <span class='ocrx_word' id='word_1_245' title='bbox 375 2214 530 2248; x_wconf 81' lang='lat' dir='ltr'>uirtutes</span> <span class='ocrx_word' id='word_1_246' title='bbox 559 2215 594 2248; x_wconf 94' lang='lat' dir='ltr'><em>P</em></span> 
     </span>
    </p>
   </div>
   <div class='ocr_carea' id='block_1_10' title="bbox 57 2270 1369 2365">
    <p class='ocr_par' dir='ltr' id='par_1_10' title="bbox 57 2270 1369 2365">
     <span class='ocr_line' id='line_1_36' title="bbox 150 2270 1369 2317; baseline -0.002 -11"><span class='ocrx_word' id='word_1_247' title='bbox 150 2272 199 2307; x_wconf 77' lang='lat' dir='ltr'>XI</span> <span class='ocrx_word' id='word_1_248' title='bbox 226 2277 246 2307; x_wconf 84' lang='grc'>2</span> <span class='ocrx_word' id='word_1_249' title='bbox 268 2272 314 2307; x_wconf 89' lang='lat' dir='ltr'>ad</span> <span class='ocrx_word' id='word_1_250' title='bbox 328 2273 442 2307; x_wconf 79' lang='lat' dir='ltr'>nubes</span> <span class='ocrx_word' id='word_1_251' title='bbox 456 2273 493 2307; x_wconf 89' lang='lat' dir='ltr'><em>P</em></span> <span class='ocrx_word' id='word_1_252' title='bbox 545 2277 565 2307; x_wconf 91' lang='lat'>5</span> <span class='ocrx_word' id='word_1_253' title='bbox 586 2285 672 2308; x_wconf 85' lang='lat' dir='ltr'>sane</span> <span class='ocrx_word' id='word_1_254' title='bbox 689 2274 724 2308; x_wconf 91' lang='lat' dir='ltr'><em>P</em></span> <span class='ocrx_word' id='word_1_255' title='bbox 740 2284 827 2308; x_wconf 78' lang='lat' dir='ltr'>corr.</span> <span class='ocrx_word' id='word_1_256' title='bbox 845 2274 976 2317; x_wconf 73' lang='lat' dir='ltr'>Peiper</span> <span class='ocrx_word' id='word_1_257' title='bbox 1003 2273 1182 2317; x_wconf 85' lang='lat' dir='ltr'>sanguine</span> <span class='ocrx_word' id='word_1_258' title='bbox 1203 2270 1369 2315; x_wconf 70' lang='lat' dir='ltr'>Vyoletus</span> 
     </span>
     <span class='ocr_line' id='line_1_37' title="bbox 57 2316 1329 2365; baseline -0.002 -11"><span class='ocrx_word' id='word_1_259' title='bbox 57 2319 456 2355; x_wconf 86' lang='lat' dir='ltr'>circumuoluntatibus</span> <span class='ocrx_word' id='word_1_260' title='bbox 483 2320 612 2355; x_wconf 83' lang='lat' dir='ltr'>auibus</span> <span class='ocrx_word' id='word_1_261' title='bbox 641 2322 712 2365; x_wconf 79' lang='lat' dir='ltr'>(uel</span> <span class='ocrx_word' id='word_1_262' title='bbox 738 2320 882 2365; x_wconf 78' lang='lat' dir='ltr'>auibus&gt;</span> <span class='ocrx_word' id='word_1_263' title='bbox 909 2321 945 2355; x_wconf 91' lang='lat' dir='ltr'><em>P</em></span> <span class='ocrx_word' id='word_1_264' title='bbox 1039 2325 1056 2355; x_wconf 84' lang='lat'><strong>7</strong></span> <span class='ocrx_word' id='word_1_265' title='bbox 1084 2318 1266 2355; x_wconf 84' lang='lat' dir='ltr'>tharesias</span> <span class='ocrx_word' id='word_1_266' title='bbox 1293 2316 1329 2350; x_wconf 94' lang='lat' dir='ltr'><em>P</em></span> 
     </span>
    </p>
   </div>
  </div>
 </body>
</html>
