1563 2511
602 78 915 119 —395—

86 182 305 237 gationem
338 182 465 223 diluit
491 197 653 224 somno.
699 182 770 223 sed
804 197 898 224 cum
925 183 1049 238 uirgo
1075 183 1309 238 Nausicaa,
1341 185 1430 225 filia

86 241 200 294 regis
222 241 411 293 Alcinoi,
437 241 584 282 ludum
612 242 655 282 in
683 244 778 282 acta
805 256 900 282 cum
928 243 1175 295 aequalibus
1203 246 1428 296 exerceret,
1456 255 1475 285 5

86 313 234 340 somno
267 299 494 353 excitatus,
526 302 575 340 ut
607 302 698 340 erat
728 299 889 353 nudus,
928 301 1086 355 erupit,
1123 301 1325 343 foliorum
1358 316 1428 356 op-

85 357 231 412 positu
264 357 461 412 pudenda
491 359 674 399 uelatus.
724 360 767 399 et
796 372 891 399 cum
919 359 1095 412 supplex
1123 373 1260 414 genua
1286 361 1429 414 regiae

84 416 266 471 uirginis
300 416 618 469 aduolueretur,
651 416 869 458 Mineruae
902 417 1107 458 instinctu
1140 419 1276 459 mouit
1307 420 1429 459 mise-

85 475 313 516 ricordiam
359 475 592 516 salutarem
638 476 948 530 impositusque
990 479 1194 530 carpento
1233 479 1275 517 et
1311 481 1429 518 ueste

87 534 271 575 donatus
297 548 431 589 usque
459 534 509 575 ad
535 534 743 588 templum
763 534 996 587 Mineruae,
1023 535 1134 589 quod
1162 538 1260 576 ante
1280 536 1429 576 urbem
1458 548 1500 578 10

87 595 169 646 est,
203 593 407 634 suadente
433 593 615 647 uirginis
642 593 822 647 pudore,
854 593 1106 647 prouehitur
1132 594 1277 647 ibique
1308 594 1429 635 fami—

85 651 190 692 liare
224 651 307 693 sibi
338 666 498 693 numen
531 652 660 693 solita
690 652 934 706 precatione
967 655 1207 693 ueneratur.

716 779 796 813 VII.

240 845 333 896 <¹529
360 847 378 884 ὁ
407 847 473 894 μὲν
501 847 588 884 ἔνθ’
615 846 732 893 ἠρᾶτο
758 847 941 890 πολύτλας
967 851 1045 889 δῖος
1067 846 1291 896 Ὀδυσσεύς)

244 898 383 931 Orabat
410 907 561 941 superos
588 896 727 930 dudum
754 896 902 931 Laertia
927 898 1062 941 proles.

176 979 371 1021 Minerua
395 981 562 1034 puellae
590 981 774 1034 speciem
802 983 1014 1034 mutuata,
1046 981 1220 1022 Vlixem
1247 981 1432 1035 primum

86 1041 132 1081 in
171 1039 394 1093 oppidum,
432 1054 531 1080 mox
569 1040 614 1080 in
653 1040 824 1081 domum
864 1039 1028 1094 regiam
1068 1040 1196 1080 ducit.
1254 1053 1432 1092 cumque

88 1099 220 1139 Arete
258 1113 366 1140 uxor
397 1097 569 1139 Alcinoi
609 1101 650 1139 et
681 1099 792 1140 unde
830 1103 994 1139 uestem
1033 1098 1212 1139 haberet
1245 1100 1287 1138 et
1319 1099 1433 1139 cuias
1460 1110 1479 1140 5

89 1160 202 1198 esset
234 1159 276 1198 et
302 1171 385 1210 qua
413 1159 526 1198 sorte
553 1157 742 1210 delatus,
775 1171 969 1198 sermone
996 1157 1131 1210 ipsius
1160 1157 1434 1210 conperisset,

90 1217 249 1257 bonum
289 1216 479 1257 animum
518 1215 676 1256 habere
715 1216 855 1257 iussus
890 1215 1093 1256 suadente
1125 1230 1306 1270 uespera
1338 1229 1433 1256 con-

93 1275 205 1316 cedit
237 1275 382 1329 quieti.

713 1390 810 1425 VIII.

270 1455 410 1505 <Ἡμος
435 1457 473 1494 δ’
500 1457 692 1505 ἠριγένεια
720 1458 823 1504 φάνη
851 1458 1126 1505 ῥοδοδάκτυλος
1151 1456 1253 1506 ἠώς>

268 1508 346 1542 Iam
374 1508 515 1542 caelum
542 1508 672 1542 rutilat
697 1506 809 1542 roseis
836 1509 977 1542 Aurora
1003 1507 1204 1551 quadrigis.

181 1592 388 1633 Alcinous
443 1592 736 1645 nauigationis
788 1605 1033 1632 aerumnam
1086 1591 1332 1631 summatim
1383 1590 1436 1630 ab

92 1651 217 1692 Vlixe
255 1651 488 1705 cognoscit.
539 1650 687 1691 exinde
726 1650 853 1691 iussis
891 1650 1153 1704 primoribus
1192 1650 1236 1690 in
1276 1649 1437 1690 curiam

94 1710 340 1760 conuenire,
386 1709 617 1750 aduentum
661 1709 843 1762 hospitis
891 1710 932 1749 et
975 1708 1210 1749 infortunia
1248 1708 1437 1748 diutinae
1465 1720 1483 1749 5

94 1769 339 1810 iactationis
383 1768 597 1822 explanat.
661 1768 880 1821 accitoque
923 1767 976 1807 ad
1018 1767 1263 1808 conuiuium
1300 1766 1439 1819 Vlixe,

95 1827 304 1869 citharam
331 1827 450 1868 iubet
476 1827 647 1880 pulsare
672 1826 984 1867 Demodocum:
1012 1826 1082 1880 qui
1109 1840 1202 1867 cum
1231 1826 1281 1866 de
1302 1824 1438 1866 Durio

96 1901 203 1940 equo
250 1888 293 1927 et
337 1886 387 1926 de
425 1885 577 1927 Troico
623 1887 817 1926 cantaret
860 1885 1040 1937 excidio,
1084 1885 1283 1925 lacrimas
1322 1883 1440 1925 Vlixi

192 2006 211 2036 5
238 2001 384 2046 alcynoi
404 2001 440 2035 P
509 2005 529 2034 6
556 2012 708 2045 sompno
734 2000 768 2034 P
788 2002 792 2042 1
814 1999 1030 2035 foloriorum
1060 1999 1096 2032 P
1169 2004 1186 2034 7
1215 1999 1344 2043 suplex
1373 1999 1408 2032 P
1436 1999 1438 2043 l

97 2049 143 2083 ad
169 2060 291 2093 genua
323 2049 490 2093 Vyoletus
574 2051 594 2082 8
622 2047 884 2083 aduolueretur
910 2047 946 2081 P
1026 2050 1067 2080 11
1095 2047 1311 2090 peruehitur
1336 2046 1388 2080 ,ΡΒ

100 2100 141 2130 12
168 2095 278 2130 solita
296 2097 308 2139 ΙΙ
328 2095 438 2129 solita
463 2095 500 2129 P
1459 2100 1480 2114 ⁶

193 2154 261 2187 VII
288 2158 307 2186 2
334 2153 490 2188 lacertia
519 2154 554 2186 P
624 2157 644 2187 3
671 2153 709 2187 in
735 2165 768 2198 p.
797 2165 823 2188 s,
851 2154 996 2187 mutata
1025 2152 1192 2196 Vyoletus
1267 2154 1286 2185 5
1313 2150 1440 2196 Arete]

99 2213 208 2245 arege
238 2202 273 2234 P
294 2203 298 2245 Ι
330 2200 461 2235 altinoi
492 2201 540 2233 P⁸
562 2202 566 2242 Ι
595 2200 730 2234 habere
758 2202 795 2235 et
821 2201 879 2241 ΡΙ
903 2199 961 2234 cui
981 2201 993 2244 fl
1012 2199 1160 2234 adesset
1182 2198 1217 2231 P
1240 2198 1322 2232 cuia
1347 2200 1444 2232 esset

106 2249 274 2294 Vyoletus
304 2247 405 2282 cuias
431 2247 631 2282 Accursius
727 2251 746 2282 6
774 2259 846 2292 qua
871 2248 965 2281 forte
992 2247 1028 2280 P
1121 2251 1139 2280 7
1168 2245 1328 2280 concidit
1354 2244 1390 2278 P

195 2306 281 2341 VIII
314 2310 332 2340 7
360 2307 549 2350 cytharam
576 2306 613 2341 P
636 2308 641 2351 1
675 2306 867 2340 ᾶθωόουη]
897 2306 933 2339 Ρ
959 2308 962 2349 Ι
998 2304 1102 2339 dorio
1129 2304 1165 2338 P
