1563 2511
569 60 888 102 —479—

196 165 348 200 machus
381 165 428 200 ad
459 163 595 199 Auson.
629 164 645 197 I
671 168 733 208 23,
768 168 784 198 1
819 163 908 208 quid
941 164 971 198 si
1003 174 1071 209 ego
1109 175 1216 199 cenas
1249 164 1400 209 dapales

197 215 234 247 et
267 211 406 247 Saliare
440 210 668 255 conuiuium,
700 213 780 246 tum
812 211 1074 246 uiscerationes
1107 214 1218 256 atque
1250 212 1400 256 epulum

195 258 453 304 postulassem.

131 311 172 341 31
201 306 379 342 Genonis:
406 305 556 350 Illyrica
582 305 705 340 ostrea
729 304 871 339 Plinius
896 307 1079 340 memorat
1103 306 1126 339 l.
1153 305 1177 339 l.
1205 309 1259 340 60.

127 358 170 388 14
196 354 323 389 Horat.
350 353 418 398 Ep.
446 353 461 387 Ι
488 356 520 396 2,
547 356 591 387 28
618 350 746 397 sponsi
770 351 980 396 Penelopae
1010 353 1212 387 nebulones
1238 352 1400 388 Alcinoi-

196 411 266 445 que
291 399 331 435 in
357 402 440 435 cute
468 400 631 435 curanda
655 399 738 443 plus
764 409 883 444 aequo
910 400 1064 443 operata
1088 399 1272 434 iuuentus.

128 452 169 483 15
195 448 323 484 Horat.
351 447 417 492 Ep.
445 447 460 481 I
486 451 525 489 4,
556 450 597 480 15
625 446 785 481 nitidum
815 446 909 480 bene
936 447 1065 481 curata
1092 447 1187 481 cute.

127 498 169 530 18
196 495 278 530 Plin
303 495 327 530 l.
354 495 378 529 l.
407 498 450 530 62
478 493 659 538 Cyzicena
687 522 693 529 .
722 521 728 527 .
757 521 764 527 .
793 492 965 528 suauiora
991 493 1174 528 Meduliis.

198 541 231 579 (I
256 542 324 587 Ep.
351 541 417 576 XV
447 545 464 575 1
493 551 587 585 quae
613 539 855 576 Medulorum.

125 594 168 626 26
198 588 230 626 ([
255 589 323 634 Ep.
350 588 435 623 XIII
462 592 482 623 3
508 587 697 632 proximus
724 599 767 622 ex
793 587 904 633 longo
931 587 1081 633 gradus.

197 636 334 682 Vergil.
360 636 404 671 A.
430 635 463 670 V
490 639 559 670 320
598 635 785 680 proximus
822 634 927 679 huic,
964 634 1076 680 longo
1113 634 1177 670 sed
1211 634 1398 679 proximus

197 683 406 719 interuallo.
458 682 584 717 Cicero
611 682 712 717 Brut.
742 686 819 717 173.

127 735 169 766 29
196 731 335 775 Vergil.
364 729 405 766 G.
434 729 503 764 1111
531 733 596 763 111
624 728 919 774 Hellespontiaci
946 755 952 762 .
977 758 982 764 .
1006 756 1012 763 .
1038 728 1173 773 Priapi.
1203 726 1235 764 (l
1257 727 1401 773 Cupido

196 782 240 814 86
266 775 746 821 Hellespontiaci—Priapi.
797 777 841 811 cf.
869 775 979 810 Ennii
1005 775 1173 820 Hedyph.
1203 779 1221 810 2
1249 775 1294 810 V.

125 829 169 860 30
197 824 229 861 (ἱ
255 826 323 869 Ep.
351 824 418 859 XV
446 829 463 859 1
492 825 615 859 ostrea
639 823 788 859 Baianis
815 823 1005 858 certantia.

124 877 167 908 87
197 871 230 908 (ἱ
255 872 348 907 Mos.
377 875 432 906 68.
470 869 503 908 (I
528 871 583 906 De
609 872 677 906 rat.
704 870 822 906 librae
849 874 904 905 32.

125 924 169 955 46
196 920 325 954 Horat.
355 920 388 954 S.
415 919 433 953 I
459 923 491 963 2,
520 923 537 953 1
565 918 847 953 ambubaiarum
874 917 1044 962 collegia.

196 968 322 1002 Horat.
351 966 419 1012 Ep.
445 966 479 1000 II
508 971 537 1008 1,
566 969 631 1000 173
659 965 833 1000 edacibus
859 964 898 999 in
923 964 1109 1009 parasitis.

54 1038 85 1071 V
114 1037 234 1083 [VIIII
261 1038 345 1084 398]
372 1041 416 1073 39
442 1036 580 1082 Vergil.
608 1037 648 1070 E.
676 1035 779 1070 VIIII
806 1039 850 1070 43
876 1035 998 1070 insani
1023 1034 1159 1069 feriant
1185 1034 1262 1068 sine
1289 1034 1401 1069 litora

125 1136 168 1166 49
195 1085 385 1167 {Ibi-{IIS
413 1132 500 1175 112,
529 1135 573 1166 60
600 1130 745 1175 repotia
772 1129 949 1174 (reportia
975 1129 1120 1172 aliquot
1145 1127 1265 1173 codd.)
1291 1130 1399 1163 nata-

197 1180 298 1214 lesue
325 1179 466 1214 aliosue
494 1178 633 1213 dierum
660 1178 786 1212 festos.

54 1249 103 1283 VI
131 1249 177 1295 [X
205 1250 289 1296 399]
316 1254 336 1284 2
363 1248 511 1284 Paulini
537 1248 691 1283 Euchar.
722 1252 764 1283 73
791 1248 977 1292 plasmata
1003 1247 1164 1282 Homeri.

152 1302 171 1331 ὃ
199 1297 325 1332 Cicero
348 1297 393 1332 de
408 1308 483 1332 sen.
500 1300 543 1331 69
565 1296 799 1341 expectemus
813 1294 1081 1330 Tartessiorum
1102 1294 1200 1338 regis
1226 1295 1401 1337 aetatem,

197 1344 267 1379 fuit
281 1345 389 1388 enim,
403 1346 445 1379 ut
459 1343 639 1388 scriptum
653 1342 774 1386 uideo,
789 1342 1040 1386 Argantonius
1055 1341 1203 1386 quidam
1224 1340 1400 1383 Gadibus,

200 1392 262 1436 qui
289 1391 481 1436 octoginta
506 1391 729 1435 regnauerat
755 1400 882 1433 annos,
910 1390 1058 1424 centum
1084 1387 1220 1433 uiginti
1245 1388 1400 1422 uixerat.

197 1439 260 1474 Sil.
281 1439 363 1473 Ital.
384 1438 436 1472 III
456 1441 524 1473 397
544 1448 609 1472 rex
633 1437 782 1482 proauis
808 1436 880 1471 fuit
904 1436 1058 1471 humani
1084 1435 1285 1470 ditissimus
1306 1434 1400 1470 aeui.

196 1485 380 1521 Censor-in.
396 1486 440 1520 de
463 1485 496 1519 d.
520 1497 555 1520 n.
573 1489 626 1528 17,
648 1488 667 1519 3
689 1485 747 1529 (ex
767 1484 971 1527 Herodoto)
993 1482 1142 1518 Lucian.
1164 1482 1327 1517 Macrob.
1345 1485 1399 1525 10,

127 1537 169 1567 15
195 1533 424 1578 Augustinus
451 1533 495 1567 de
523 1532 592 1566 ciu.
620 1531 680 1566 dei
705 1530 808 1565 XXII
834 1542 863 1565 c.
891 1534 912 1565 8
946 1530 1018 1565 ista
1048 1541 1116 1564 nec
1147 1528 1319 1563 similiter
1344 1527 1402 1563 in-

195 1581 390 1615 notescunt
421 1591 540 1624 neque
577 1581 619 1613 ut
655 1590 730 1613 non
767 1577 939 1613 excidant
971 1577 1092 1612 animo
1126 1576 1233 1621 quasi
1274 1576 1403 1620 glarea

199 1627 398 1662 memoriae
429 1627 557 1662 crebra
581 1626 741 1660 lectione
767 1626 947 1660 teruntur.

126 1679 168 1709 22
198 1673 231 1711 ([
256 1674 343 1709 Vrb.
373 1678 438 1709 143
465 1673 561 1708 lat-as
587 1684 721 1708 nomen
748 1683 894 1707 seruare
920 1672 1076 1716 plateas.

126 1726 169 1756 25
196 1722 324 1757 Horat.
364 1721 428 1766 Ep.
462 1721 495 1755 ΙΙ
534 1725 571 1761 2,
607 1724 650 1754 74
686 1719 810 1754 tristia
847 1718 1008 1754 robustis
1047 1718 1235 1752 luctantur
1269 1716 1399 1751 funera

203 1769 390 1814 plaustris,
410 1770 480 1803 hac
499 1768 647 1803 rabiosa
667 1766 765 1811 fugit
784 1766 897 1809 canis,
923 1767 992 1800 hac
1016 1765 1202 1800 lutulenta
1226 1764 1302 1798 ruit
1327 1775 1398 1798 sus.

126 1819 170 1851 28
197 1817 341 1851 Lucret.
369 1815 474 1851 1354
499 1815 596 1849 inter
622 1816 752 1859 saepta
777 1815 903 1848 meant
928 1824 1037 1848 uoces
1064 1814 1101 1847 et
1127 1811 1251 1847 clausa
1277 1811 1400 1846 domo-

196 1876 277 1899 rum
297 1862 574 1898 transuolitant.
595 1861 611 1895 1
630 1864 698 1896 489
720 1861 779 1904 (cf.
799 1860 852 1895 VI
872 1863 955 1904 228)
977 1871 1041 1905 per
1061 1860 1190 1904 saepta
1209 1859 1402 1894 domorum

197 1912 339 1946 clamor
363 1910 394 1945 it
419 1921 462 1945 ac
488 1920 597 1945 uoces
624 1910 674 1951 (et
700 1908 748 1942 VI
775 1912 842 1943 859
868 1918 934 1952 per
960 1908 1088 1951 saepta
1113 1906 1332 1949 domorum).

127 1962 170 1993 35
196 1959 325 1994 Horat.
353 1957 391 1992 C.
417 1957 487 1991 IIII
515 1961 574 2000 12,
601 1960 644 1990 21
679 1956 726 1990 ad
753 1966 847 1999 quae
880 1955 909 1990 si
934 1964 1111 2000 properas
1138 1953 1292 1998 gaudia,
1320 1964 1402 1987 cum

197 2007 262 2040 tua
286 2005 396 2040 uelox
420 2015 540 2040 merce
567 2004 662 2038 ueni.

128 2057 171 2088 38
197 2053 324 2088 Horat.
346 2053 412 2097 Ep.
434 2052 467 2086 II
489 2056 520 2095 3,
542 2055 586 2087 80
606 2051 703 2085 hunc
731 2049 828 2085 socci
854 2060 982 2094 cepere
1009 2048 1141 2093 pedem
1168 2047 1399 2091 grandesque

199 2099 379 2135 cothurni.

128 2150 172 2181 40
200 2145 232 2183 (l
258 2147 301 2181 cf.
328 2146 396 2191 Ep.
424 2146 457 2180 X
482 2150 526 2181 23
554 2158 605 2190 sq.

128 2198 170 2228 41
200 2193 232 2229 (I
247 2194 313 2238 Ep.
328 2194 418 2228 X25
434 2193 625 2228 nobiscum
646 2192 812 2226 inuenies
835 2188 955 2225 ἐπέων
976 2188 1219 2233 πολυμορφέα
1239 2185 1402 2231 πληθύν.

129 2244 172 2275 42
201 2239 233 2277 (l
260 2241 325 2285 Ep.
350 2240 470 2275 XXVI
496 2244 541 2274 24
566 2241 730 2275 mutator
755 2239 801 2273 ad
829 2238 1006 2273 Graecam
1032 2236 1153 2270 fidem.

198 2287 318 2323 Plaut.
351 2287 452 2322 Asin.
484 2288 500 2321 I
533 2292 571 2331 3,
606 2291 649 2322 47
683 2288 781 2331 (199)
823 2288 946 2320 cetera
977 2295 1071 2328 quae
1104 2284 1198 2327 (nos)
1231 2281 1402 2316 uolumus

200 2335 254 2369 uti
282 2334 422 2370 Graeca
447 2345 652 2370 mercamur
676 2334 759 2369 fide.
