1563 2511
623 66 947 108 —244-

109 174 232 216 Ostia
264 175 367 228 quot
397 186 474 227 pro
507 174 627 226 parte
660 172 798 227 aperit
830 172 1057 214 stridentia
1089 173 1226 215 circus

167 233 382 286 Excepto,
414 231 600 272 medium
634 231 746 285 quod
777 234 898 286 patet
931 232 984 273 ad
1017 231 1221 287 stadium3

109 291 222 340 Quot
253 290 433 346 pedibus
466 290 719 345 gradiuntur
751 305 852 344 apes
885 293 927 332 et
959 305 1108 332 uersus
1140 290 1318 332 Homeri

168 350 362 404 Quotque
395 349 511 390 horis
544 349 726 403 pelagus
758 348 934 403 profluit
965 352 1039 391 aut
1070 350 1232 403 refluit;

109 409 299 451 Protulit
330 409 374 450 in
407 421 604 450 scaenam
637 410 743 462 quot
774 411 967 449 dramata
998 409 1271 461 fabellarum,
1416 419 1458 450 15

168 468 376 510 Arcadiae
409 466 548 508 medio
583 468 655 521 qui
686 467 796 508 iacet
827 466 870 508 in
903 467 1086 522 gremio,

107 526 192 568 Vel
224 529 328 580 quot
358 527 576 568 iuncturas
610 526 871 581 geometrica
902 526 1044 567 forma
1074 526 1274 568 fauor-um

170 584 371 627 Conserit
403 585 606 626 extremis
639 585 837 626 omnibus
872 587 914 626 et
946 585 1114 639 mediis3

111 644 227 694 Quot
259 645 386 686 telios
417 645 582 699 primus
615 657 818 685 numerus
852 644 1053 698 solusque
1084 644 1310 699 probatur3

171 703 285 752 Quot
317 718 395 757 par
427 706 551 755 atque
584 703 724 756 impar
754 703 952 756 partibus
985 704 1250 758 aequiperat,
1414 713 1459 745 20

111 761 186 803 Bis
220 765 363 803 ternos
397 764 439 802 et
470 765 536 802 ter
567 761 691 803 binos
725 761 798 816 qui
829 762 1016 803 conserit
1048 777 1175 816 unus,

171 820 252 869 Qui
285 821 401 862 solus
434 820 615 861 totidem
648 821 972 874 congeminatus
1003 821 1152 874 habet3

113 879 228 928 Quot
259 879 425 920 faciunt
456 879 590 920 iuncti
623 879 855 933 subterque
888 893 1100 933 supraque
1132 880 1281 934 locati3

170 938 253 987 Qui
285 941 514 979 numerant
546 937 722 993 Hyadas
756 937 1040 992 Pleiadasque
1074 939 1212 981 simul.

109 1029 1254 1040 .................
1415 1008 1459 1039 25

170 1054 325 1096 Vrsule
358 1055 525 1111 collega
556 1055 713 1097 nobilis
746 1055 1003 1110 Harmonio,

109 1114 367 1168 Harmonio,
411 1129 535 1168 quem
575 1113 801 1166 Claranus,
841 1129 965 1168 quem
1004 1114 1187 1157 Scaurus
1227 1118 1270 1157 et
1310 1114 1460 1170 Asper,

171 1173 307 1222 Quem
341 1174 423 1215 sibi
456 1173 671 1215 conferret
703 1173 844 1215 Varro
876 1175 1079 1228 priorque
1112 1174 1259 1215 Crates

113 1232 277 1286 Quique
312 1233 421 1274 sacri
452 1233 639 1274 lacerum
673 1233 850 1286 collegit
882 1247 1037 1287 corpus
1070 1233 1248 1275 Homeri

171 1290 336 1345 Quique
367 1294 494 1333 notas
528 1291 683 1346 spuriis
716 1291 910 1332 uersibus
944 1292 1160 1345 adposuit:
1415 1303 1459 1333 30

113 1348 345 1404 Cecropiae
379 1364 602 1392 commune
635 1350 761 1391 decus
794 1350 1027 1404 Latiaeque
1061 1365 1281 1405 camenae,

172 1408 296 1451 Solus
330 1409 399 1462 qui
431 1408 585 1451 Chium
618 1409 770 1450 miscet
801 1412 843 1450 et
876 1409 1163 1452 Ammineum.

210 1590 250 1619 16
278 1584 442 1620 Terentii
472 1584 569 1619 uita:
602 1584 715 1619 ceteri
747 1586 933 1618 mortuum
966 1595 1046 1619 esse
1078 1585 1116 1618 in
1148 1584 1310 1619 Arcadia
1341 1584 1460 1628 Stym-

111 1632 215 1676 phali
243 1632 343 1677 [sinu
368 1631 591 1677 Leucadiae]
616 1632 778 1668 tradunt.
818 1630 981 1674 (Sueton.
1010 1632 1054 1666 de
1080 1631 1169 1666 uiris
1193 1631 1247 1667 ill.
1268 1643 1303 1676 p.
1317 1634 1398 1673 294,
1419 1635 1460 1665 10

113 1680 250 1761 Rothgzz
279 1726 386 1760 Mart.
414 1725 447 1759 X
472 1730 535 1769 21,
564 1731 580 1760 1
603 1738 629 1760 s.
662 1736 757 1769 quac
790 1725 851 1759 uix
881 1725 1078 1770 intellegat
1103 1725 1182 1770 ipse
1210 1725 1398 1761 Modestus
1425 1728 1461 1760 et

113 1773 174 1807 uix
202 1772 391 1808 Claranus.

207 1824 251 1854 32
280 1821 324 1854 cf.
353 1820 572 1855 Aristoteles
600 1832 657 1864 ap.
686 1819 845 1855 Gellium
873 1819 958 1853 XIII
979 1823 1011 1862 5,
1035 1823 1159 1855 7—10.

212 1977 252 2007 11
280 1974 402 2008 hostia
430 1973 461 2006 T
534 1977 577 2007 15
604 1972 771 2017 protinus
798 1973 867 2016 M}
891 1983 1061 2008 scoenam
1085 1972 1118 2007 G
1145 1984 1253 2008 scena
1275 1973 1331 2017 TI
1354 1972 1461 2017 drag-

113 2022 214 2055 mata
243 2020 274 2054 T
365 2024 406 2055 16
434 2020 631 2054 archadiac
660 2019 746 2054 TM
835 2023 876 2054 18
903 2020 956 2066 et]
983 2022 1048 2054 aut
1076 2020 1107 2053 T
1190 2024 1231 2054 19
1260 2020 1352 2055 elios
1381 2019 1468 2054 TM

162 2071 206 2101 20
232 2069 358 2112 atque]
386 2069 450 2101 aut
475 2068 524 2102 M
541 2069 546 2112 Ι
569 2067 788 2111 aequiparat
814 2067 862 2101 Μ
955 2072 997 2101 21
1028 2067 1107 2112 qui]
1135 2069 1221 2109 quia
1249 2068 1280 2101 T
1287 2067 1320 2102 G
1418 2071 1461 2101 23

116 2115 331 2160 subterque]
359 2127 430 2159 que
455 2126 520 2149 om.
550 2114 582 2148 T
698 2117 742 2148 24
780 2115 951 2148 numerat
975 2114 1129 2149 haiadas
1156 2115 1205 2149 M
1314 2118 1358 2148 25
1396 2126 1461 2149 ua-

115 2172 205 2197 cuus
236 2173 389 2196 uersuus
414 2163 455 2196 iu
483 2162 514 2195 Τ
521 2161 553 2195 G
587 2163 642 2206 (in
672 2172 784 2206 mam.
807 2173 865 2206 pr.
898 2173 942 2195 m.
975 2163 1061 2195 min.
1095 2161 1199 2196 deest
1227 2161 1289 2205 T),
1321 2161 1463 2195 nullum

114 2210 276 2253 spatium
300 2209 348 2243 M
443 2213 487 2244 26
513 2208 651 2243 uRsule
677 2213 718 2243 ut
742 2209 850 2242 initio
875 2209 964 2242 omui
989 2209 1163 2243 carminis
1188 2208 1221 2241 G
1318 2212 1361 2242 27
1399 2207 1462 2241 da-

116 2268 226 2291 ranus
254 2256 288 2290 Z
311 2267 402 2292 corr.
430 2257 618 2291 Amullius
691 2258 735 2290 28
762 2258 885 2300 grates
907 2256 940 2289 Z
964 2266 1053 2290 corr.
1087 2255 1252 2300 Vyolalus
1325 2258 1370 2289 30
1397 2265 1460 2299 ap—

114 2303 241 2346 posuit
268 2304 302 2337 Z
372 2307 414 2337 31
444 2315 597 2339 comune
624 2302 657 2338 G
679 2305 684 2347 Ι
707 2313 904 2338 camoenae
927 2302 959 2336 T
1023 2307 1107 2347 post
1133 2307 1176 2337 32
1203 2302 1286 2337 nale
1312 2303 1396 2337 add.
1418 2302 1468 2336 M
