1563 2511
654 56 964 96 —411—

194 158 285 200 Iam
317 159 527 200 meditans
560 159 676 201 foliis
709 173 753 200 se
785 174 1007 202 numerare
1040 162 1145 203 suis:
1431 175 1474 205 30

135 216 224 258 Nec
256 231 394 258 mora:
427 218 605 259 ridentis
638 217 797 259 calathi
830 219 1033 273 patefecit
1064 220 1269 262 honorem

194 275 382 317 Prodens
415 277 568 317 inclusi
601 277 764 317 semina
795 276 925 318 densa
957 279 1079 320 croci.

136 333 252 375 Haec
284 334 431 389 modo,
464 349 570 389 quae
603 338 695 376 toto
728 335 983 377 rutilauerat
1014 337 1113 391 igne
1146 352 1360 380 comarum

191 392 359 434 Pallida
391 393 603 448 conlapsis
635 393 844 435 deseritur
875 395 1002 436 foliis.

132 451 323 493 Mirabar
354 452 532 493 celerem
563 452 749 507 fugitiua
782 455 920 493 aetate
953 454 1148 508 rapinam
1431 467 1474 497 35

191 509 268 564 Et,
299 510 399 551 dum
433 514 683 564 nascuntur,
715 512 988 552 consenuisse
1020 527 1153 554 rosas.

133 569 241 610 Ecce
274 572 317 611 et
348 569 524 610 defluxit
554 570 674 611 rutili
707 584 828 611 coma
859 570 1015 623 punica
1046 571 1180 625 floris,

191 628 304 669 Dum
336 628 506 682 loquor,
539 631 582 669 et
612 629 740 669 tellus
772 630 887 670 tecta
917 630 1072 671 rubore
1104 630 1244 671 micat.

133 686 216 728 Tot
247 686 407 740 species
439 689 669 741 tantosque
703 689 820 728 ortus
852 687 1079 742 uariosque
1113 691 1296 730 nouatus

192 744 291 786 Vna
323 745 412 786 dies
446 746 600 799 aperit,
633 746 805 787 conficit
836 746 931 799 ipsa
963 746 1061 787 dies.
1429 759 1472 789 40

133 803 460 858 Conquerimur‚
493 803 678 854 Natura,
710 804 852 845 breuis
887 805 997 858 quod
1030 806 1171 860 gratia
1202 806 1319 846 talis:

191 861 418 903 Ostentata
450 863 583 904 oculis
615 863 731 904 illico
766 863 876 904 dona
908 864 1037 917 rapis.

132 921 268 970 Quam
300 922 430 975 longa
461 936 546 962 una
579 921 685 974 dies,
719 924 837 962 aetas
869 924 958 962 tam
991 923 1122 976 longa
1153 937 1365 964 rosarum:

190 979 297 1021 Cum
328 980 581 1033 pubescenti
612 980 756 1021 iuncta
788 984 959 1021 senecta
990 981 1143 1022 breuis.

132 1038 269 1087 Quam
301 1038 427 1079 modo
459 1040 704 1080 nascentem
736 1038 890 1080 rutilus
923 1039 1144 1094 conspexit
1171 1039 1307 1092 Eous,
1428 1050 1471 1079 45

189 1097 311 1138 Hanc
341 1097 506 1137 rediens
540 1111 633 1138 sero
667 1111 843 1150 uespere
874 1097 983 1138 uidit
1015 1113 1154 1138 anum.

133 1155 213 1197 Sed
245 1156 370 1206 bene,
403 1156 514 1209 quod
546 1156 691 1209 paucis
725 1156 825 1196 licet
857 1156 1085 1197 interitura
1117 1156 1265 1198 diebus

191 1214 427 1256 Succedens
461 1228 614 1255 aeuum
644 1217 850 1269 prorogat
881 1215 975 1268 ipsa
1008 1230 1142 1256 suum.

131 1272 313 1327 Collige,
351 1272 494 1327 uirgo,
529 1287 665 1326 rosas,
698 1273 797 1314 dum
830 1272 907 1314 flos
939 1287 1075 1314 nouus
1109 1276 1150 1314 et
1181 1288 1294 1315 noua
1325 1274 1472 1327 pubes,

189 1331 442 1373 Etmemor
475 1333 565 1372 esto
599 1346 750 1372 aeuum
784 1331 844 1373 sic
876 1345 1106 1386 properare
1138 1335 1272 1373 tuum.
1428 1343 1471 1373 50

225 1485 268 1516 31
294 1481 475 1526 patefacit
499 1481 535 1516 A
608 1486 652 1516 33
678 1482 786 1527 haec]
822 1493 863 1516 ac
891 1482 1098 1517 Scriuerius
1170 1486 1215 1517 37
1243 1483 1373 1517 deflusi
1397 1484 1473 1517 tru-

131 1529 201 1563 tali
227 1530 465 1572 (membranae
490 1529 583 1563 uitio
602 1530 793 1572 dirempta)
809 1529 844 1563 A
917 1533 961 1563 38
987 1530 1105 1564 micae
1120 1531 1154 1563 A
1228 1533 1271 1564 39
1297 1529 1472 1564 uariusA

177 1580 220 1609 41
249 1575 506 1619 conquerimus
534 1577 682 1619 (rasura
700 1577 806 1619 corr.)
832 1575 883 1609 A1
907 1576 911 1619 Ι
934 1576 1020 1610 talis
1041 1577 1076 1610 A
1102 1587 1168 1611 om.
1184 1577 1218 1610 B
1245 1576 1390 1621 (florum
1417 1577 1473 1611 est

131 1634 197 1658 ree.
224 1634 267 1657 m.
297 1623 380 1658 add.
408 1623 456 1664 Β)
532 1627 575 1656 42
604 1624 750 1657 ostenta
774 1624 809 1656 A
833 1622 836 1666 Ι
865 1622 949 1657 ilico
975 1623 1010 1656 Β
1084 1627 1130 1657 44
1157 1634 1239 1657 cum
1266 1623 1301 1657 A
1327 1634 1416 1667 quas
1437 1623 1474 1657 Β

134 1671 136 1715 Ι
165 1670 385 1714 pubescenti
411 1672 476 1713 (cm
502 1668 605 1713 -tis‘,>)
632 1670 665 1703 A
700 1669 944 1714 pubescentes
972 1671 1008 1704 B
1038 1672 1042 1713 Ι
1077 1670 1200 1704 breuis
1227 1670 1307 1705 AB
1338 1670 1474 1714 premit

129 1718 265 1752 ‘nouitii
338 1720 382 1750 45
408 1716 530 1750 rutilis
556 1727 599 1750 eac
624 1716 756 1750 rutilus
782 1717 817 1750 Β
841 1718 845 1760 Ι
868 1717 1041 1760 conpexit
1067 1717 1154 1751 edus
1179 1717 1216 1751 A
1289 1722 1333 1752 46
1360 1728 1473 1750 unum

129 1765 165 1798 A
239 1768 283 1798 48
310 1764 533 1798 succendens
559 1764 593 1797 A
692 1767 735 1798 49
762 1763 841 1798 uiro
868 1763 985 1808 (uirgO
1010 1775 1077 1798 rec.
1105 1765 1209 1806 corr.)
1238 1765 1273 1798 Β
1301 1765 1313 1808 ΙΙ
1350 1763 1473 1798 Publii

130 1811 281 1855 Virgilii
312 1810 474 1845 Maronis
506 1810 557 1855 (P.
585 1810 627 1845 V.
655 1810 702 1844 M.
731 1810 780 1853 A)
821 1809 955 1855 egloga
986 1811 1069 1855 (egl'
1097 1810 1146 1854 A)
1180 1811 1348 1851 de,rosis
1388 1810 1471 1844 finit

131 1858 202 1903 (mfi
230 1859 278 1902 A)
305 1857 383 1891 AB
434 1856 598 1892 eiusdem
624 1858 806 1891 muretum
832 1857 964 1901 incipit
988 1858 1023 1891 A
