1563 2511
639 62 925 103 -49—

109 169 295 210 Adserat
325 182 458 222 usque
489 168 589 209 licet
618 167 801 208 Fabium
834 166 1082 222 Calagurris
1116 169 1355 223 alumnum,

166 227 266 269 Non
299 227 355 268 sit
386 226 645 281 Burdigalae
677 226 776 267 dum
809 226 1014 267 cathedra
1045 227 1234 270 inferior.

108 286 229 327 Mille
261 285 356 327 foro
389 285 505 327 dedit
535 285 603 326 hic
635 285 826 339 iuuenes3
859 285 926 326 bis
959 285 1079 326 mille
1111 288 1285 328 senatus

167 344 338 386 Adiecit
368 358 545 385 numero
576 343 885 398 purpureisque
916 344 1049 398 togi83
1410 356 1452 386 10

106 402 175 444 Me
207 417 391 458 quoque:
425 404 490 444 set
523 402 726 456 quoniam
758 402 896 443 multa
928 404 993 443 est
1025 404 1265 457 praetexta,
1297 403 1432 445 silebo

166 461 309 515 Teque
341 476 492 503 canam
524 462 574 502 de
606 463 665 514 te,
696 475 782 502 non
815 461 866 502 ab
899 460 1062 502 honore
1094 475 1200 503 meo.

107 518 206 561 Siue
237 520 508 575 panegyricis
540 520 709 573 placeat
741 519 996 561 contendere
1028 520 1170 573 libris,

164 578 216 619 In
246 578 579 620 Panathenaicis
612 580 659 619 tu
691 578 978 619 numerandus
1012 578 1113 632 eris,

106 636 189 678 Seu
220 637 355 678 libeat
385 637 508 678 fictas
539 636 736 678 ludorum
770 637 968 678 euoluere
999 637 1114 690 lites,
1409 648 1449 678 15

165 695 411 749 Ancipitem
442 696 631 749 palmam
664 694 955 743 Quintilianus
986 695 1127 737 habet.

112 753 292 795 Dicendi
323 757 491 795 torrens
523 753 605 795 tibi
636 754 774 808 copia,
807 768 915 808 quae
944 757 1091 795 tamen
1124 768 1291 807 aurum,

163 811 262 854 Non
294 812 424 855 etiam
455 812 615 854 luteam
646 813 841 854 uolueret
871 813 1088 854 inluuiem.

105 870 164 912 Et
196 870 589 925 Demosthenicum,
622 871 734 925 quod
765 874 830 912 ter
860 872 1047 925 primum
1078 871 1153 912 1116
1185 871 1375 925 uocauit,

162 929 213 971 In
244 933 287 971 te
320 931 380 971 sic
411 930 570 983 uiguit,
603 930 726 971 cedat
756 932 805 971 ut
835 931 927 983 ipse
959 930 1050 971 tibi.
1406 940 1449 971 20

104 988 227 1029 Anne
260 991 301 1029 et
333 988 468 1030 diuini
500 989 614 1029 bona
644 988 862 1029 naturalia
894 988 996 1030 doni

165 1047 381 1101 Adiciam,
412 1047 592 1088 memori
625 1061 752 1100 quam
783 1046 916 1088 fueris
950 1047 1113 1101 animo,

103 1104 264 1146 Audita
294 1108 343 1147 ut
373 1106 442 1147 uel
474 1106 584 1146 lecta
616 1106 747 1146 semel
780 1120 855 1147 ceu
886 1106 971 1146 fixa
1002 1109 1189 1159 teneres,

163 1163 350 1205 Auribus
384 1167 426 1205 et
456 1164 579 1204 libris
613 1166 727 1205 esset
757 1166 805 1205 ut
835 1179 920 1205 una
951 1164 1087 1205 fides?

105 1222 300 1264 Vidimus
334 1228 375 1263 et
407 1221 621 1276 quondam
653 1223 825 1264 tabulae
858 1223 1088 1264 certamine
1121 1223 1251 1277 longo
1404 1233 1448 1264 25

162 1280 337 1336 Omnes,
369 1281 442 1335 qui
474 1281 657 1335 fuerant,
688 1284 732 1322 te
763 1295 1011 1323 numerasse
1043 1281 1185 1334 bolos⁷

103 1339 295 1381 Alternis
326 1340 493 1381 uicibus
527 1342 632 1394 quot
662 1340 971 1394 praecipitante
1003 1342 1148 1381 rotatu

160 1398 361 1440 Fundunt
393 1399 520 1439 excisi
550 1413 626 1453 per
657 1413 763 1440 caua
794 1399 908 1440 buxa
940 1399 1113 1453 gradus:

102 1456 364 1499 Narrantem
395 1457 480 1499 fido
513 1472 588 1510 per
621 1457 791 1513 singula
822 1461 983 1511 puncta
1013 1472 1206 1511 recursu,

165 1515 282 1564 Quae
315 1516 429 1568 data,
465 1530 540 1569 per
570 1516 722 1571 longas
756 1531 863 1570 quae
895 1522 1097 1558 reuocata
1127 1531 1282 1558 moras
1404 1528 1448 1559 30

106 1573 238 1616 Nullo
270 1574 371 1616 felle
403 1575 485 1615 tibi
516 1589 635 1615 mens
667 1575 816 1628 liuida,
848 1577 941 1616 tum
974 1576 1063 1617 sale
1095 1576 1230 1616 multo

163 1632 329 1686 Lingua
361 1633 481 1674 dicax
515 1633 681 1674 blandis
715 1636 757 1675 et
790 1633 879 1675 sine
911 1634 985 1675 lite
1018 1634 1134 1676 iocis.

100 1690 250 1733 Mensa
280 1692 441 1744 nitens,
473 1707 600 1746 quam
631 1707 718 1734 non
750 1693 944 1747 qensoria
974 1693 1124 1747 regula
1157 1693 1300 1747 culpet

160 1749 252 1791 Nec
285 1750 394 1791 nolit
424 1749 557 1805 Frugi
588 1749 688 1792 Piso
721 1765 874 1793 uocare
908 1766 1046 1793 suam:

101 1807 434 1863 Nonnumquam
465 1810 636 1863 pollens
668 1810 885 1851 natalibus
919 1812 960 1851 et
992 1811 1099 1864 dape
1132 1810 1262 1863 festa,
1403 1821 1447 1851 35

160 1866 259 1909 Non
291 1870 437 1909 tamen
469 1871 673 1923 angustas
706 1871 754 1909 ut
785 1871 981 1910 tenuaret
1013 1884 1128 1924 opes.

196 1986 215 2016 7
242 1983 385 2017 fauium
416 1983 468 2017 Vl
575 1988 594 2018 9
626 1984 779 2018 iubenes
805 1984 861 2018 uis
896 1984 930 2018 V
1036 1988 1077 2017 11
1113 1984 1229 2018 sileuo
1264 1984 1297 2017 V
1405 1988 1446 2018 13

100 2029 332 2074 panegiricos
357 2041 391 2074 p.
420 2041 448 2064 c.
475 2030 588 2066 libros
620 2031 654 2065 V
675 2042 765 2067 corr.
795 2032 875 2067 Toll
960 2034 1003 2065 14
1028 2031 1145 2066 liueat
1177 2031 1224 2065 V¹
1247 2032 1252 2075 Ι
1275 2030 1447 2066 euolbere

109 2087 144 2120 V
256 2091 298 2122 15
325 2088 486 2133 ancipite
515 2091 546 2131 (ι
576 2089 650 2132 alt»
681 2089 715 2123 V
751 2095 754 2133 Ι
795 2091 882 2124 auet
914 2089 962 2122 V¹
993 2089 1108 2124 habet
1140 2089 1188 2123 V2
1312 2094 1353 2123 19
1392 2090 1449 2123 ter

102 2134 273 2179 Luydun.
301 2136 338 2169 te
372 2135 406 2169 V
510 2140 554 2170 20
582 2136 715 2171 caedat
748 2136 781 2171 V
886 2141 930 2171 23
961 2138 1003 2171 ut
1027 2137 1200 2182 Luydun.
1228 2138 1293 2171 aut
1323 2136 1359 2171 V

103 2185 146 2215 26
172 2183 209 2216 te
231 2193 442 2217 numerasse
461 2183 647 2218 Baehrens
667 2194 898 2218 enumerasse
918 2183 953 2217 V
967 2184 1004 2218 te
1026 2194 1257 2218 enumerasse
1278 2183 1448 2218 Brandes

150 2231 194 2261 27
221 2230 312 2272 quot
336 2229 521 2264 Baehrens
548 2240 639 2274 quos
666 2231 839 2275 Luydun.
866 2241 937 2274 quo
966 2230 1000 2264 V
1031 2233 1035 2275 1
1070 2230 1314 2275 praecipit-[ite
1343 2231 1380 2273 (a
1404 2239 1449 2264 ex

103 2276 135 2318 e)
165 2274 198 2308 V
261 2280 305 2309 33
333 2275 461 2321 culpat
493 2277 526 2311 V
549 2288 639 2313 corr.
668 2277 830 2322 Scaliger
905 2282 949 2313 3ss
977 2279 1127 2323 agustas
1153 2288 1242 2312 corr.
1270 2276 1445 2322 Luqclun.

172 2338 345 2367 Avsomvs.
1213 2338 1235 2368 4
