1563 2511
652 54 974 95 —218—

63 172 139 202 [360]
480 158 718 201 Contentus
751 162 860 214 esto,
895 159 1028 201 Paule
1059 159 1138 214 mi,

476 218 679 272 Lasciua,
709 218 861 272 Paule,
893 220 1070 274 pagina:

475 276 650 331 Ridere,
681 277 742 318 nil
776 277 906 331 ultra,
939 281 1105 332 expeto.

224 334 305 377 Sed
338 350 432 377 cum
465 336 639 391 legeris,
681 336 829 377 adesto
868 336 974 377 mihi
1008 336 1234 377 aduersum
1266 351 1357 390 eos,
1396 337 1480 390 qui,

132 397 180 436 ut
222 394 440 436 quenalis
491 395 572 449 ait,
623 393 797 436 ‘Curios
850 395 1056 436 simulant
1105 398 1148 436 et
1192 395 1481 437 Bacchanalia
1507 406 1527 436 5

132 453 313 506 uiuunt',
344 468 398 495 ne
430 453 615 495 fortasse
648 468 788 495 mores
822 468 939 495 meos
973 456 1168 508 spectent
1199 454 1250 495 de
1282 454 1481 496 carmine.

312 524 511 565 tLasciua
542 527 608 566 est
638 525 764 566 nobis
797 524 975 578 pagina,
1007 525 1099 565 uita
1129 524 1295 580 proba',

132 598 181 636 ut
206 594 419 636 Martialis
453 595 567 637 dicit.
625 595 899 636 meminerint
932 597 1092 649 autem,
1125 596 1282 650 quippe
1315 595 1482 649 eruditi,

131 654 395 708 probissimo
428 654 520 695 uiro
547 653 688 695 Plinio
715 654 760 694 in
786 654 1016 707 poematiis
1049 654 1289 704 lasciuiam,
1321 654 1366 695 in
1392 669 1482 695 mo-

131 713 251 753 ribus
273 713 520 754 constitisse
542 727 777 766 censuram,
797 714 963 766 prurire
985 714 1237 767 opusculum
1258 712 1481 767 Sulpiciae,
1511 723 1552 754 10

131 771 318 812 frontem
339 786 559 826 caperare3
587 785 679 812 esse
699 771 964 826 Appuleium
984 771 1029 812 in
1048 772 1141 813 uita
1166 772 1483 826 philosophum,

131 831 175 871 in
222 830 549 885 epigrammatis
595 833 851 884 amatorem3
895 831 939 870 in
982 832 1223 886 praeceptis
1262 830 1481 872 Ciceronis

131 892 279 931 extare
312 890 604 940 seueritatem,
637 890 681 930 in
713 889 909 943 epistulis
938 889 990 930 ad
1017 888 1272 931 Caerelliam
1305 890 1481 931 subesse

131 949 437 1002 petulantiam,
463 948 660 990 Platonis
682 946 939 1001 Symposion
961 949 1198 1002 composita
1223 949 1268 989 in
1293 948 1481 1003 ephebos

131 1008 288 1061 epyllia
314 1008 546 1049 continere.
593 1022 695 1048 nam
723 1007 823 1062 quid
843 1007 1032 1048 Anniani
1053 1007 1355 1062 Fescenninos,
1382 1008 1482 1062 quid
1511 1019 1552 1049 15

132 1066 421 1120 antiquissimi
441 1069 598 1122 poetae
612 1066 759 1107 Laeuii
774 1066 1127 1121 Erotopaegnion
1148 1067 1280 1108 libros
1301 1066 1482 1121 loquar?

131 1125 233 1179 quid
276 1125 497 1180 Euenum,
549 1140 674 1180 quem
717 1124 953 1166 Menander
998 1126 1237 1179 sapientem
1281 1125 1482 1167 uocauit?

227 1268 247 1299 5
273 1264 437 1299 quenal,
466 1269 499 1307 2,
525 1269 546 1299 3

228 1316 246 1346 7
273 1311 460 1346 Martialis
486 1312 502 1346 I
527 1316 560 1354 4,
587 1316 608 1347 8

226 1363 245 1393 9
273 1358 416 1393 Plinius
443 1369 500 1404 ep.
526 1359 597 1393 IIII
625 1363 679 1402 14,
706 1363 727 1393 4
748 1371 801 1403 sq.
829 1359 888 1403 (cf.
915 1359 948 1393 V
975 1361 1011 1402 3)

228 1410 271 1441 10
299 1405 504 1453 Sulpiciae]
531 1406 575 1441 cf.
597 1406 780 1441 Martialis
806 1405 839 1440 X
859 1409 902 1440 35
931 1405 1165 1451 [Fulgentius
1191 1405 1339 1450 Myth.1
1362 1418 1396 1450 p.
1415 1409 1481 1440 616

132 1453 202 1488 St.:
240 1454 311 1488 hac
343 1454 480 1488 etenim
514 1453 714 1489 adludente
838 1452 1054 1498 Sulpicillae
1086 1453 1321 1487 Ausonianae
1355 1454 1482 1497 quua-

131 1501 225 1535 citas
253 1500 416 1546 deperit]

227 1552 269 1582 11
295 1547 540 1595 Appuleium]
569 1548 613 1583 cf.
641 1548 777 1593 Appul.
805 1548 849 1582 de
876 1547 1002 1592 Magia
1029 1558 1057 1582 c.
1086 1551 1105 1582 9

228 1599 269 1629 12
298 1595 499 1639 (Ciceronis
524 1598 655 1640 fragm.
683 1595 786 1630 XIIII
814 1600 832 1629 2
861 1594 981 1639 Β.-Κ.)

226 1647 270 1676 14
296 1643 430 1687 Appul.
459 1642 504 1677 de
531 1642 658 1687 Magia
684 1654 712 1678 c.
743 1647 785 1677 10

227 1693 269 1724 17
295 1689 482 1724 Euenum:
508 1690 715 1735 (Menandri
742 1690 784 1724 fr.
813 1693 880 1724 342
907 1689 973 1733 M.)

227 1824 243 1854 1
273 1822 352 1854 esto
380 1831 400 1854 o
428 1819 537 1864 paule
567 1819 600 1853 T
692 1824 711 1852 2
739 1830 760 1853 o
787 1818 898 1862 paule
926 1819 960 1852 Z
984 1829 1074 1853 corr.
1095 1818 1271 1864 Luydwz.
1369 1820 1389 1851 3
1418 1828 1477 1851 ex-

130 1868 239 1910 pecto
268 1867 300 1900 T
396 1871 417 1900 4
457 1866 528 1900 Sed
559 1867 640 1901 init.
674 1867 787 1901 minio
819 1867 957 1910 scripta
990 1865 1022 1900 T
1118 1869 1137 1900 6
1169 1865 1344 1910 fortasse]
1383 1865 1478 1900 forte

130 1914 294 1958 ›s'caliyer
323 1915 327 1957 Ι
360 1914 523 1948 carmine
550 1913 580 1957 (”
611 1914 677 1949 del.
698 1915 773 1958 pr.)
805 1913 837 1947 T
919 1917 937 1947 7
965 1913 1122 1950 probata
1147 1916 1165 1947 λ
1252 1916 1272 1946 8
1299 1911 1482 1946 Martialis

132 1961 322 1995 Palmam
347 1960 485 2004 plinius
508 1961 542 1994 Z
613 1964 633 1995 9
660 1959 921 2005 probatissimo
943 1960 976 1995 G
999 1962 1003 2003 l
1025 1958 1211 2004 poematis
1236 1962 1254 1993 λ
1332 1963 1374 1993 10
1400 1959 1483 1993 Sul-

129 2007 250 2052 piciae
276 2015 306 2051 ψ
333 2007 465 2052 sulpiti
491 2018 536 2042 ue
564 2008 591 2052 (l
617 2019 661 2042 ex
686 2009 826 2051 incepto
852 2020 876 2052 p
896 2009 971 2052 pr.)
1000 2007 1032 2041 T
1062 2006 1253 2051 sulpitiiue
1279 2009 1297 2040 λ
1331 2005 1484 2051 Sulpitii

131 2065 199 2089 nec
228 2054 260 2089 G
361 2059 401 2088 11
430 2055 619 2099 apuleium
649 2055 681 2088 T
713 2056 717 2099 Ι
751 2054 1024 2099 phylosophum
1051 2055 1084 2089 G
1183 2057 1223 2087 12
1252 2052 1372 2098 inepti
1396 2053 1481 2097 gni-

129 2102 242 2136 matis
271 2102 303 2136 G
338 2103 342 2145 Ι
378 2101 565 2137 Ciceronis
594 2103 742 2146 Peiper,
776 2101 946 2136 omnibus
970 2101 1004 2135 Z
1100 2105 1142 2136 13
1168 2100 1282 2135 Tullii
1308 2101 1482 2135 seuerita-

129 2150 206 2183 tem
231 2152 249 2183 λ
277 2149 378 2183 Tulli
405 2160 470 2183 om.
501 2148 576 2183 TG
605 2153 609 2192 Ι
644 2149 810 2193 epistolis
838 2150 871 2182 Z
898 2151 903 2193 l
938 2148 1127 2184 cerelliam
1157 2148 1229 2183 TG
1329 2152 1371 2182 14
1398 2148 1482 2182 sim—

128 2196 261 2240 posion
280 2196 351 2230 TG
374 2198 378 2239 Ι
402 2196 589 2240 cphoebos
611 2196 643 2231 G
720 2201 761 2230 15
790 2196 977 2241 epylliaG
1004 2195 1131 2240 epillia
1149 2196 1204 2230 Ti
1231 2195 1370 2239 edyllia
1392 2195 1481 2230 Par.

132 2244 135 2289 Ι
166 2243 374 2278 fesceninos
400 2243 435 2277 Z
524 2248 566 2278 16
593 2243 683 2278 leuii
712 2243 744 2277 T
768 2242 857 2277 lenii
885 2243 945 2286 G}
978 2243 1247 2288 erotopegnion
1277 2242 1310 2276 T
1333 2242 1483 2277 crotho-

128 2289 296 2335 pegnion
323 2290 356 2325 G
450 2295 491 2325 17
519 2302 701 2325 euuenum
732 2291 785 2324 T).
823 2292 996 2326 euentum
1023 2291 1057 2325 G
