1563 2511
665 59 985 101 -235—

76 187 170 212 vnn
189 187 253 217 [403
266 187 321 218 Ep.
334 187 407 217 xm]
600 174 821 208 ΑΥΕΟΝΙΟΕ
845 175 1037 209 ΠΑΥΛωΙ.

141 243 370 300 Ῥωμαίων
402 241 565 294 ὕπατος
596 240 845 301 ἀρεταλόγῳ
878 241 957 299 ἠδὲ
989 248 1167 302 ποιητῇ,

206 300 429 353 Αὐσόνιος
461 300 646 360 Παύλῳ·
680 304 841 344 σπεῦδε
874 306 1034 357 φίλους
1065 305 1211 347 ἰδέειν.

76 374 103 399 X
123 374 184 405 [403
198 374 253 405 Ep.
266 375 351 405 x1111]

145 422 415 475 Aequoream
447 421 553 475 liqui
584 423 627 462 te
659 423 851 475 propter,
884 422 1036 472 amice,
1071 421 1350 477 Garumnam,

204 480 264 520 Te
296 482 471 535 propter
503 493 676 533 campos
709 479 852 521 incolo
887 478 1155 522 Santonicos.

146 537 412 593 Congressus
445 538 579 593 igitur
610 539 784 579 nostros
817 540 933 591 pete3
968 539 1004 579 si
1036 539 1117 580 tibi
1150 553 1268 593 cura,

205 596 321 645 Quae
354 597 479 650 mihi,
513 599 746 651 conspectu
778 596 865 637 iam
896 597 1062 650 potiere
1095 612 1201 638 meo.

146 654 227 696 Sed
253 657 420 696 tantum
450 655 701 709 adpropera,
735 658 943 709 quantum
969 658 1071 710 pote
1097 670 1272 710 corpore
1301 659 1342 697 et
1369 671 1491 707 aeuo;

203 713 263 755 Vt
295 715 461 755 saluum
494 714 681 768 uideam,
715 716 783 754 sat
814 714 899 755 cito
932 717 974 755 te
1007 715 1142 756 uideo.
1472 726 1490 756 6

145 771 189 814 Si
221 774 319 826 post
350 772 561 813 infaustas
594 772 718 827 uigor
749 772 990 827 integratus
1023 773 1212 814 habenas

202 830 260 871 Et
292 831 419 872 rediit
450 831 653 871 membris
686 831 772 871 iam
805 846 882 872 sua
914 831 1150 885 mobilitas,

145 888 190 930 Si
222 890 389 944 riguam
420 889 544 930 laetis
577 889 728 930 recolis
762 888 959 943 Pipleida
990 889 1143 943 Musis,

202 947 294 988 Iam
326 950 448 988 uates
482 951 524 989 et
556 962 641 989 non
673 948 866 1002 flagrifer
898 947 1192 1001 Automedon,
1449 959 1490 989 10

143 1004 260 1047 Pelle
294 1006 517 1061 soporiferi
550 1006 716 1047 senium
748 1006 990 1061 nubemque
1024 1008 1191 1048 ueterni

202 1065 343 1118 Atque
377 1065 507 1106 alacri
538 1065 722 1105 mediam
755 1079 880 1118 carpe
912 1065 1060 1120 uigore
1093 1066 1219 1106 uiam.

145 1121 227 1164 Sed
260 1123 410 1164 cisium
443 1125 517 1164 aut
547 1123 717 1178 pigrum
751 1126 901 1164 cautus
934 1124 1165 1165 conscende
1197 1124 1443 1165 ueraedum:

201 1181 301 1223 Non
332 1182 413 1223 tibi
446 1182 502 1223 sit
532 1182 701 1234 raedae,
738 1196 825 1222 non
859 1196 979 1223 amor
1011 1183 1118 1223 acris
1152 1183 1260 1236 equi.

144 1239 372 1281 Cantheris
405 1255 556 1281 moneo
590 1240 703 1281 male
734 1243 838 1281 nota
868 1242 1079 1294 petorrita
1112 1241 1240 1294 uites,
1451 1251 1491 1282 15

203 1298 267 1339 Ne
300 1299 459 1340 celeres
491 1299 627 1340 mulas
660 1299 751 1353 ipse
784 1298 987 1340 Metiscus
1021 1312 1135 1353 agas.

145 1355 212 1398 Sic
243 1357 324 1398 tibi
358 1358 446 1398 sint
476 1358 624 1399 Musae
656 1357 823 1411 faciles,
857 1357 1080 1399 meditatio
1114 1360 1315 1411 prompta

202 1415 261 1457 Et
294 1431 476 1469 memor,
509 1419 551 1457 et
581 1416 734 1470 liquidi
765 1416 849 1456 mel
881 1416 987 1457 fluat
1020 1417 1198 1470 eloquii:

146 1472 230 1528 Sic,
264 1475 335 1528 qui
368 1475 532 1516 uenalis
565 1477 654 1515 tam
686 1475 817 1528 longa
850 1477 991 1516 aetate
1025 1474 1269 1516 Crebennus

202 1532 301 1574 Non
333 1533 464 1574 habet
496 1536 750 1587 emptorem,
785 1534 842 1574 sit
872 1534 953 1574 tibi
987 1548 1063 1587 pro
1096 1534 1250 1587 pretio.
1448 1543 1491 1574 20

241 1640 283 1670 10
310 1636 449 1681 Vergil.
470 1637 501 1670 A
528 1636 561 1670 II
588 1640 656 1670 47ss
678 1648 705 1671 s.
738 1647 917 1680 equor-uni
950 1636 1114 1682 agitator
1144 1636 1301 1671 Achillis
1334 1635 1494 1680 armiger

147 1684 380 1719 Automedon
480 1688 522 1718 16
549 1683 689 1727 Vergil.
717 1684 748 1717 A
775 1683 842 1717 XII
868 1687 936 1718 469
959 1695 985 1717 s.

238 1777 341 1811 VIIII
373 1779 466 1813 deest
497 1788 641 1812 carmen
671 1778 714 1812 in
733 1776 836 1819 Kv²,·
872 1778 1021 1812 initium
1056 1789 1127 1813 esse
1158 1781 1189 1812 et
1215 1778 1322 1823 quasi
1346 1779 1492 1812 titulum
1515 1778 1551 1809 Z

143 1825 221 1859 eius
245 1835 335 1869 quae
359 1826 521 1869 sequitur
546 1825 722 1869 epistulae
746 1825 897 1860 coniecit
923 1825 1076 1867 Hartel,·
1101 1826 1210 1860 inser.
1239 1835 1304 1860 om.
1335 1825 1416 1867 Μψ

194 1899 210 1928 1
233 1880 385 1939 omagium)
409 1895 464 1939 ΤΙ
488 1892 769 1939 ἄρεταλογωηδε
789 1903 819 1937 ψ
846 1893 1082 1940 αρεταλόγων
1104 1894 1144 1930 δὲ
1170 1895 1203 1930 Θ
1230 1897 1494 1930 ἀνεταλοι-ὰιῑὰε

148 1943 196 1976 Μ
224 1940 461 1986 ἄρεταλογων
487 1955 525 1976 τε
557 1942 589 1977 Τ
609 1943 613 1986 Ι
635 1954 752 1976 τοΗτΗ
778 1942 827 1976 Μ
920 1946 940 1977 2
968 1945 1091 1986 ψιλοις
1120 1942 1153 1977 Θ

238 2001 271 2034 X
296 2001 355 2035 Ad
381 2001 541 2035 amicum
565 2002 606 2035 ut
627 2011 737 2044 quam
757 2001 918 2046 primum
939 2000 1154 2046 (plurimum
1177 2001 1223 2041 G)
1244 2001 1291 2035 ad
1311 2011 1347 2035 se
1368 2000 1494 2034 ueniat
1516 2001 1552 2032 Z

150 2048 221 2082 TG
245 2059 309 2083 om.
334 2049 416 2092 Μψ
505 2052 522 2081 1
550 2059 754 2092 garunnam
784 2048 817 2083 G
890 2051 910 2081 5
938 2047 1162 2093 adpropera]
1193 2048 1266 2083 TG
1338 2051 1357 2081 9
1387 2046 1423 2080 Si
1449 2046 1494 2080 ri-

146 2095 276 2141 guam]
302 2095 484 2140 Linguam
512 2096 560 2129 M
580 2097 584 2138 1
607 2094 774 2139 pipleida
801 2095 834 2129 G
864 2094 1056 2140 pipeleida
1081 2095 1169 2130 MT
1242 2099 1284 2128 10
1310 2093 1495 2137 flagrifera

150 2142 182 2175 T
203 2142 348 2183 flagrifer
375 2142 408 2176 G
430 2144 434 2186 Ι
458 2139 680 2186 Αὐτομέδων
702 2142 734 2176 Θ
760 2152 826 2176 om.
851 2142 883 2176 Τ
956 2146 998 2176 13
1024 2142 1227 2176 uerendum
1258 2141 1290 2175 T
1362 2144 1404 2173 14
1431 2139 1493 2184 sit]

147 2188 198 2223 sic
223 2189 272 2223 M
289 2191 293 2233 Ι
316 2189 451 2224 rhedae
482 2189 555 2224 TG
580 2189 665 2223 rede
695 2189 743 2222 M
827 2193 868 2223 15
896 2189 1065 2223 cantheri
1094 2189 1126 2222 Τ
1149 2187 1289 2222 canteri
1318 2187 1352 2222 G
1379 2186 1495 2220 euteri

147 2235 196 2269 M
216 2247 305 2271 corr.
337 2236 546 2271 Gronouius
569 2237 573 2280 Ι
596 2237 796 2280 pei-torrita
823 2237 872 2270 M
946 2240 986 2270 17
1014 2234 1134 2270 facilis
1162 2235 1249 2269 TM
1268 2237 1272 2278 Ι
1296 2234 1429 2278 pronta
1450 2233 1499 2266 M

197 2286 238 2316 19
266 2282 328 2326 qui
355 2284 543 2317 Amantius
582 2286 607 2328 q
637 2282 669 2316 T
678 2282 711 2317 G
749 2293 860 2326 quem
887 2282 935 2316 M
