1563 2511
68 177 293 214 conueniant
325 177 372 212 ad
404 176 668 221 Lucaniacum,
702 177 814 212 etiam
841 178 937 213 mira
962 176 1028 211 illa
1053 176 1156 211 tituli
1181 177 1296 211 uerba
1321 177 1415 221 „Lu-

67 226 174 261 ciano
201 225 310 260 είῑὶΙοιι
337 236 358 259 a
382 224 592 260 Lucaniaco
619 225 767 260 detorta
792 225 915 269 potius
942 235 1053 268 quam
1073 235 1095 258 a
1114 223 1308 259 Luciliano
1330 235 1414 258 cum

67 272 178 308 Axtio
204 271 411 316 suspiceris.
461 273 574 316 atque
604 271 720 316 patris
753 273 876 315 imago
903 283 985 306 cum
1011 269 1254 316 inscriptione
1279 270 1413 306 melius

68 321 137 355 hac
162 320 200 354 in
228 319 313 354 sede
339 319 499 364 ponetur
523 320 689 354 Romano
717 321 886 353 senatore
922 319 1035 363 digna
1067 328 1179 363 quam
1205 318 1244 352 in
1268 317 1414 362 longin-

67 366 260 411 quioribus
280 366 443 410 praediis
465 367 502 401 et
519 377 619 402 mere
639 366 850 401 rusticanis.
895 365 1040 401 accedit
1059 365 1158 409 quod
1182 365 1275 400 haec
1294 365 1413 400 multo

67 413 251 458 ampliora
285 413 541 448 describuntur
574 425 685 458 quam
719 413 818 457 quod
848 415 956 457 pater
987 412 1201 456 reliquerat.
1253 412 1352 456 quod
1385 411 1416 446 si

66 472 195 496 uerum
229 461 302 504 est,
328 460 558 495 Lucaniacus
590 460 759 504 quamuis
785 463 883 494 recte
911 460 1098 495 deriuetur
1123 471 1145 494 a
1170 459 1320 494 Lucano
1350 470 1414 494 no-

66 507 224 552 mine*),
251 519 370 551 neque
397 507 443 542 ab
470 518 596 543 socero
618 507 766 542 Lucano
786 506 937 549 Talisio,
964 518 1031 542 nec
1059 507 1107 541 ab
1133 517 1239 541 socru
1264 507 1416 541 Lucana

68 554 208 590 Sabina
226 566 361 589 nomen
386 554 561 589 habebat.

188 603 316 637 Altera
345 601 461 647 igitur
493 601 648 645 praedia
679 602 862 646 ampliora
893 601 1011 636 multo
1038 602 1075 635 et
1106 600 1300 635 frumentis
1332 611 1415 644 pro-

67 649 229 685 ferendis
256 649 444 683 destinata
470 649 508 682 in
535 649 711 684 Nouato
738 660 854 693 pago
881 648 953 683 sita
978 650 1084 683 erant
1109 648 1191 692 (Ep.
1212 646 1350 682 XXVII
1370 650 1414 682 95

66 698 198 741 totque
232 706 316 730 mea
346 696 384 729 in
416 696 564 730 Nouaro
598 695 669 730 sibi
698 695 868 740 proxima
899 695 1052 740 praedia
1082 696 1210 740 pago);
1244 705 1287 729 ea
1318 694 1416 728 inter

67 743 320 778 Mediolanum
348 745 386 776 et
410 742 659 786 Angeriacum
685 743 757 777 sita
783 754 875 786 quae
902 743 1064 776 medium
1092 753 1157 787 per
1182 753 1314 776 aeuum
1341 742 1416 776 No-

65 790 214 833 ualarii,
255 791 317 824 les
355 789 571 824 Nouliers
610 801 636 824 s.
670 789 756 824 XVI
788 789 890 824 dicta
935 791 1039 831 sunt,
1083 800 1161 824 csse
1208 789 1416 833 suspicatur

65 837 222 872 Vinetus
260 841 279 880 ξ
312 840 380 871 485
404 837 441 872 Β.
499 836 564 870 sed
602 836 726 871 nescio
758 848 805 871 an
843 836 980 871 rectius
1013 848 1094 871 cum
1127 835 1317 880 Nouerogi
1355 835 1416 870 uel

67 884 264 929 Nouiorigi
290 883 418 928 oppidi
447 884 595 919 nomine
617 885 799 928 cognatus
819 884 868 918 sit
886 883 1056 918 Nouarus
1077 894 1212 928 pagus:
1239 894 1324 917 nam
1352 882 1416 927 qui

67 930 273 967 Ausonium
299 931 496 974 uisitabat,
529 931 594 965 aut
620 942 727 965 amne
755 931 914 965 secundo
947 930 1206 974 delabebatur,
1241 929 1416 964 nimirum

69 979 116 1013 ad
143 980 239 1013 hunc
259 989 375 1022 usque
396 980 543 1022 portum
566 977 689 1022 (hodie
711 978 868 1023 Royan
890 978 1051 1022 dicitur),
1078 980 1142 1012 aut
1162 978 1232 1012 iter
1251 976 1417 1012 faciebat

65 1025 236 1061 Blauiam
274 1025 464 1070 petoriitis
502 1025 649 1069 usus'ffl)
689 1025 748 1067 (cf.
789 1025 853 1069 Ep.
894 1024 962 1058 IIII
1001 1028 1038 1069 5,
1079 1025 1127 1058 VI
1167 1028 1220 1058 12.
1278 1023 1414 1058 XXVII

69 1077 136 1108 126
153 1084 230 1117 sqq.
258 1073 322 1107 ubi
348 1085 383 1106 u.
414 1076 479 1106 129
506 1073 629 1107 uerbis
663 1084 750 1117 „per
777 1072 873 1106 ostia
898 1074 1049 1116 portus“
1081 1082 1156 1106 non
1186 1071 1416 1106 Condatinus

64 1121 195 1165 portus
235 1119 484 1165 significatur,
524 1120 587 1154 sed
631 1131 741 1163 quem
785 1119 944 1153 diximus
982 1119 1307 1162 Nouiorigensem3
1353 1117 1416 1162 qui

65 1169 196 1212 portus
229 1167 375 1201 Paulini
406 1166 517 1201 fuisse
549 1166 737 1201 indicatur
769 1167 806 1200 et
841 1179 876 1200 u.
916 1170 998 1201 129:
1037 1167 1092 1200 sui
1131 1165 1319 1200 celebrata
1338 1176 1418 1210 ‚per

68 1213 165 1249 ostia
190 1216 336 1259 portus,
369 1215 407 1247 et
439 1225 473 1249 u.
505 1217 588 1248 131:
622 1224 688 1247 sua
718 1213 945 1257 praeteriens
977 1213 1051 1247 iam
1084 1214 1157 1248 iani
1190 1214 1256 1247 tua
1286 1212 1417 1246 limina

65 1262 219 1306 pulsat).
270 1261 455 1304 utrimque
488 1261 566 1295 siue
592 1260 796 1305 Nouiorigo
830 1260 907 1295 siue
942 1260 1071 1294 Blauia
1101 1260 1300 1305 petebatur
1327 1259 1416 1294 San-

65 1310 213 1344 tonicae
245 1309 345 1342 urbis
379 1307 612 1351 (Mediolani,
646 1307 756 1342 hodie
791 1307 987 1351 Saintes)
1026 1307 1168 1342 uicinus
1207 1318 1295 1351 ager
1333 1307 1414 1351 (Ep.

65 1356 134 1390 1111
154 1360 186 1390 3.
214 1355 282 1389 VII
302 1358 359 1390 35.
386 1354 472 1389 VIII
493 1358 526 1389 5.
554 1356 586 1389 X
608 1358 641 1388 2.
663 1354 713 1388 XI
736 1356 792 1396 11)
819 1358 857 1389 et
875 1356 953 1389 tam
972 1353 1129 1396 uicinus,
1149 1355 1192 1388 ut
1210 1356 1322 1398 poeta
1342 1365 1416 1388 non

68 1403 183 1438 semel
223 1403 442 1438 Santonicos
482 1402 618 1436 dixerit
656 1412 816 1446 campos
880 1401 1038 1436 eundem
1074 1403 1200 1436 tamen
1240 1401 1414 1436 Paulinus

66 1450 250 1495 epistulae
277 1449 413 1483 XXVII
439 1453 483 1484 95
510 1449 634 1483 uerbis
660 1449 887 1494 respondens
913 1448 1035 1483 fertile
1064 1461 1125 1483 rus
1149 1449 1189 1482 in
1214 1448 1416 1483 Pictonicis

67 1498 180 1531 situm
207 1497 298 1531 dicit
324 1507 366 1530 eo
394 1495 561 1539 consilio,
588 1497 629 1530 ut
654 1496 827 1534 Rarauno
853 1495 1016 1530 uicinum
1051 1496 1207 1541 fingeret
1231 1495 1415 1530 inuidiose

66 1544 149 1590 (Ep.
171 1544 291 1578 XXXI
312 1547 379 1578 249
402 1546 496 1588 sqq.)
518 1544 745 1587 Ausoniique
764 1544 933 1578 trabeam
954 1545 1238 1587 conquereretur
1259 1542 1415 1577 obscuro

69 1592 230 1636 quodam
251 1591 431 1636 oppidulo
452 1591 675 1632 sordescere,
697 1590 800 1625 cuius
821 1602 954 1625 nomen
972 1590 1064 1624 mihi
1082 1590 1266 1624 inuenisse
1286 1589 1416 1624 uideor

68 1640 130 1683 (cf.
169 1639 271 1674 Fano
309 1637 458 1681 Martis,
497 1639 597 1673 Fano
635 1637 825 1673 Mineruae
856 1637 1024 1672 Itinerar.
1060 1636 1239 1672 Antonini
1271 1640 1339 1672 364
1378 1637 1416 1670 et

65 1690 131 1721 387
148 1685 208 1721 W.
235 1685 336 1728 alia).

183 1791 216 1835 ³³³)
243 1790 320 1825 uid.
347 1802 376 1826 e.
404 1803 439 1835 g.
467 1790 662 1826 Pauliacos
688 1792 825 1826 Auson.
853 1790 917 1835 Ep.
944 1790 1029 1824 XVI
1057 1794 1099 1825 16
1127 1788 1274 1834 aliaque
1299 1788 1414 1824 Galli-

65 1850 191 1874 corum
219 1838 382 1873 locorum
415 1838 582 1881 nomina,
615 1850 709 1883 quae
740 1839 916 1882 leguntur
946 1839 985 1872 in
1017 1837 1147 1872 tabula
1178 1836 1412 1881 Pentingeri:

65 1886 191 1930 qualia
218 1888 303 1920 sunt
328 1885 576 1920 Filomusiaco
604 1889 642 1920 et
667 1885 817 1920 luliaco

159 1931 211 1975 *ἢ
247 1933 326 1967 Hoc
364 1934 434 1967 iter
472 1933 524 1967 sic
564 1932 741 1967 describit
771 1931 1006 1967 Itinerarium
1037 1931 1203 1976 prouiuc.
1234 1929 1415 1965 Antonini

64 1980 158 2024 Aug.
191 1983 260 2014 458
281 1979 360 2014 W.:
399 1978 479 2024 „De
512 1980 714 2023 Aquitania
751 1981 789 2014 in
820 1979 972 2014 Gallias.
1001 1981 1006 2023 Ι
1033 1980 1123 2014 item
1157 1989 1179 2012 a
1212 1976 1414 2021 Burdigala

64 2027 373 2072 Augustodonum
411 2038 511 2071 mpm
546 2026 774 2061 CCLXXIIII
807 2026 877 2061 sic:
907 2028 911 2071 Ι
941 2025 1068 2060 Blauio
1106 2036 1205 2068 mpm
1239 2023 1376 2058 XVIIII
1406 2025 1409 2069 Ι

65 2074 247 2108 Tamnum
285 2086 386 2117 mpm
424 2074 509 2107 XVI
546 2074 549 2119 Ι
586 2073 839 2118 Nouioregum
878 2085 978 2118 mpm
1018 2072 1084 2107 XII
1120 2072 1123 2117 Ι
1158 2070 1413 2106 Mediolanum

65 2121 270 2156 Santonum
309 2132 410 2164 mpm
441 2121 507 2155 XV
537 2123 542 2164 Ι
570 2122 885 2156 Aunedonnacum
915 2133 1016 2165 mpm
1048 2120 1133 2154 XVI
1162 2118 1167 2165 Ι
1201 2119 1414 2153 Rauranum

63 2181 164 2213 mpm
191 2168 294 2202 XX.“
333 2167 477 2203 Tabula
502 2168 790 2213 Peutingeriana
815 2168 875 2212 (cf.
902 2167 1149 2212 EDesjardins
1177 2165 1412 2210 Geographie

64 2216 108 2251 de
148 2216 185 2250 la
223 2214 339 2249 Gaule
379 2215 524 2258 d'apres
571 2215 608 2249 la
645 2216 747 2250 table
785 2215 830 2249 de
870 2214 1082 2258 Peutinger.
1144 2212 1247 2247 Paris
1291 2213 1411 2257 1869):

63 2261 292 2307 „Burdigalo
331 2261 393 2296 LX
432 2261 564 2297 Blauia
601 2262 704 2296 XXII
744 2263 926 2297 Tamnum
958 2260 1042 2295 XIII
1076 2260 1288 2306 Mediolano
1324 2259 1413 2294 San-

63 2311 185 2344 torum
217 2309 302 2344 XVI
342 2310 590 2344 Auedonnaco
626 2309 709 2344 VIII
748 2309 956 2355 Brigiosum
989 2308 1056 2343 XII
1091 2308 1265 2342 Rarauna
1291 2306 1412 2341 XVI.“
