1563 2511
50 187 142 229 Nos
202 201 318 229 seros
414 186 600 228 famulos
696 186 937 228 adcrescere
1017 187 1270 242 perpetieris

52 246 139 288 Sub
200 246 280 287 tali
414 245 587 287 edoctos
695 245 886 286 antistite
1016 247 1255 301 relligionis
1265 262 1274 300 3

50 305 119 348 Da
201 319 374 347 sensum
419 304 556 346 solida
699 304 940 346 stabilitum
1022 305 1285 347 credulitate.

49 399 134 442 Fac
200 400 355 454 iungar
415 413 591 441 numero
697 398 891 440 rediuiuo
1023 399 1286 453 glorificatus
1296 435 1306 454 ‚
1424 409 1469 442 40

50 459 118 500 Ad
200 459 364 500 caelum
416 459 606 499 invitans
699 458 917 500 consortia
1021 459 1354 514 terrigenarum,

51 529 156 560 SPES
202 529 340 572 DEVS,
419 528 670 559 AETERNAE
704 528 944 559 STATIONIS
1028 520 1358 560 CONCILIATOR!

0 660 45 684 [11
67 659 128 692 [318
148 659 199 684 319
218 657 369 690 Edyll.11]
441 643 704 679 EPICEDION
729 645 783 679 IN
807 645 1010 679 PATREM

138 730 246 772 Post
283 730 409 772 deum
448 744 615 784 semper
645 732 815 784 patrem
846 730 958 771 colui
992 731 1304 785 secundamque
1337 746 1399 772 re-

49 790 289 832 uerentiam
334 789 521 844 genitori
565 803 659 830 meo
705 789 843 831 debui.
913 790 1103 844 sequitur
1148 804 1249 845 ergo
1288 790 1399 831 hanc

51 849 206 891 summi
239 849 305 890 dei
338 848 657 890 uenerationem
691 848 912 902 epicedion
938 849 1075 903 patris
1102 850 1197 890 mei.
1247 849 1397 890 titulus

51 924 75 950 a
102 907 274 950 Graecis
305 907 564 961 auctoribus,
595 908 892 950 defunctorum
918 907 1076 949 honori
1103 908 1280 962 dicatus,
1312 923 1399 950 non

51 967 325 1022 ambitiosus,
370 966 443 1008 sed
487 966 730 1020 religiosus:
783 981 908 1021 quem
954 967 1202 1009 commendo
1247 967 1398 1009 lectori
1425 981 1445 1011 5

50 1042 160 1081 meo,
198 1026 287 1068 siue
325 1026 361 1067 is
399 1026 510 1067 filius
550 1029 615 1067 est
648 1041 722 1067 seu
754 1028 876 1079 pater
909 1026 999 1068 siue
1030 1029 1266 1079 utrumque.
1329 1041 1400 1067 ne-

51 1101 149 1141 que,
188 1090 235 1127 ut
266 1085 427 1139 laudet,
466 1085 610 1139 exig03
652 1087 730 1138 set,
768 1088 816 1125 ut
849 1088 978 1137 amet,
1017 1086 1200 1139 postulo.
1261 1099 1399 1140 neque

49 1160 150 1187 uero
182 1159 294 1186 nunc
325 1147 493 1198 patrem
527 1159 669 1185 meum
700 1144 842 1194 laudo,
875 1144 988 1198 quod
1020 1145 1092 1186 ille
1118 1159 1204 1185 non
1231 1146 1328 1199 eget
1357 1146 1399 1185 et

50 1218 129 1260 ego
155 1204 349 1246 functum
375 1203 662 1244 oblectatione
689 1202 927 1244 uiuentium
952 1218 1127 1245 onerare
1147 1218 1232 1245 non
1253 1203 1400 1245 debeo.

48 1278 185 1318 neque
218 1263 312 1304 dico
344 1261 429 1303 nisi
463 1262 574 1316 quod
606 1268 857 1317 agnoscunt,
890 1263 961 1317 qui
987 1263 1100 1317 parti
1127 1263 1280 1304 aetatis
1308 1263 1398 1303 eius
1427 1264 1469 1295 10

48 1322 348 1364 interfuerunt.
427 1321 583 1363 falsum
627 1337 694 1362 me
740 1329 879 1363 autem
924 1326 1060 1363 morte
1107 1322 1233 1374 [eius]
1279 1322 1395 1363 obita

48 1382 187 1423 dicere
220 1384 262 1422 et
286 1395 435 1422 uerum
462 1383 605 1421 tacere
632 1381 820 1422 eiusdem
847 1381 1009 1435 piaculi
1036 1381 1245 1422 existimo.
1294 1381 1398 1421 ima-

49 1441 141 1496 gini
177 1440 311 1495 ipsius
350 1440 397 1480 hi
434 1454 583 1481 uersus
616 1440 851 1493 subscripti
885 1443 985 1481 sunt
1015 1455 1149 1492 neque
1181 1440 1323 1481 minus
1355 1439 1400 1481 in

50 1500 352 1554 opusculorum
392 1513 585 1539 meorum
624 1499 776 1540 seriem
808 1499 945 1541 relati.
1009 1499 1096 1540 alia
1128 1499 1272 1540 omnia
1304 1514 1399 1540 mea

50 1559 280 1614 displicent
310 1557 431 1612 mihi3
463 1557 545 1599 hoc
576 1558 776 1611 relegisse
810 1573 917 1600 amo.
1427 1570 1469 1600 15

108 1676 279 1718 Nomen
311 1690 389 1731 ego
425 1675 660 1730 Ausonius⁷
694 1690 780 1717 non
812 1676 991 1717 ultimus
1025 1678 1114 1717 arte
1147 1675 1340 1717 medendi

168 1735 238 1788 Et,
272 1749 366 1776 mea
399 1735 435 1776 si
466 1749 617 1776 nosses
649 1738 863 1789 tempora,
895 1735 1059 1788 primus
1093 1749 1221 1776 eram.

108 1793 286 1835 Vicinas
319 1794 446 1835 urbes
481 1794 592 1835 colui
624 1794 849 1848 patriaque
883 1794 1114 1848 domoque,

167 1852 354 1895 Vasates
387 1853 547 1907 patria,
581 1853 655 1894 sed
685 1854 773 1894 lare
805 1853 1097 1908 Burdigalam.

146 1972 190 2003 38
215 1969 299 2015 talis
323 1969 358 2004 V
377 1971 382 2013 1
403 1967 606 2013 relligionis
635 1969 669 2002 V
739 1973 782 2003 39
811 1969 1019 2004 stauilitum
1048 1969 1096 2003 Vl
1168 1972 1214 2003 40
1233 1968 1398 2014 glorifdi-

51 2018 154 2050 catus
181 2016 212 2061 (f
233 2018 279 2051 al.
306 2019 366 2060 ss.)
396 2016 426 2050 V
528 2020 572 2050 41
598 2016 863 2061 terriginarum
896 2017 943 2050 V¹
1041 2020 1084 2051 42
1112 2017 1287 2063 aeternae
1321 2017 1353 2051 V

143 2074 213 2109 IIII
246 2086 379 2109 INCIPIT
406 2088 617 2110 Ermcssmox
642 2088 678 2109 IN
703 2088 814 2110 PATRE
837 2078 841 2118 Ι
864 2088 1036 2110 PREFATIO
1062 2089 1096 2110 IN
1123 2088 1231 2110 PROSA
1261 2076 1295 2110 V
1379 2081 1394 2110 1
1440 2078 1477 2110 V

49 2122 131 2166 post
148 2121 183 2157 V
239 2126 260 2156 4
281 2122 401 2167 grecis
421 2123 456 2157 V
513 2127 532 2156 9
553 2123 734 2157 honerare
756 2123 790 2157 V
850 2127 892 2157 11
920 2122 998 2157 eius
1025 2124 1090 2158 del.
1107 2123 1258 2158 Schenkl
1279 2125 1283 2167 Ι
1307 2123 1400 2157 obita

52 2171 106 2213 (ta
126 2170 172 2204 al.
193 2180 313 2213 rescr„
332 2182 393 2214 pr.
415 2181 458 2206 m.
479 2171 644 2214 euanuit)
673 2170 707 2204 V
772 2174 813 2204 13
840 2170 896 2215 his
921 2170 947 2213 (i
968 2171 1073 2214 eras.)
1102 2170 1134 2204 V
1200 2175 1243 2205 15
1264 2171 1350 2205 mici
1370 2170 1403 2204 V

145 2227 281 2272 Incipit
306 2229 501 2272 epicedion
526 2229 564 2263 in
585 2232 728 2274 patrem
749 2231 767 2262 λ
803 2229 940 2273 Incipit
961 2228 1165 2273 epicedion.
1204 2229 1386 2263 Ausonius
1397 2230 1473 2263 VZ

52 2275 251 2319 (Ausonius
277 2286 341 2310 om.
370 2276 416 2320 G)
444 2276 483 2310 in
512 2277 658 2321 patrem
688 2277 733 2311 de
757 2276 837 2310 nita
862 2276 925 2310 sua
953 2276 1024 2311 ΤΘ
1100 2280 1116 2309 1
1145 2276 1293 2310 infimus
1321 2276 1353 2309 T

52 2327 72 2357 2
99 2332 230 2357 nosces
260 2321 293 2356 G
319 2323 462 2366 quaeris
491 2324 523 2357 T
597 2328 619 2357 4
644 2325 809 2359 uassates
831 2323 889 2370 ΖΙ
910 2335 947 2358 u.
974 2328 996 2358 6
1023 2327 1106 2359 ante
1132 2334 1166 2358 u.
1194 2326 1215 2358 5
1240 2324 1316 2365 (secl
1339 2334 1396 2367 pr.
