1563 2511
674 55 967 96 -45-

78 169 154 201 [185]
384 155 514 191 XXVI.
552 156 685 192 IVLIA
711 157 1056 193 CATAPHRONIA
1081 158 1248 196 AMITA.

149 229 262 278 Quin
294 232 337 270 et
367 229 555 271 funereis
588 231 765 272 amitam
796 231 1005 285 inpertire
1038 232 1258 285 querellis,

206 288 348 342 Musa,
382 287 733 343 cataphroniam.

146 346 315 388 Innuba
347 347 526 389 deuotae
559 363 666 403 quae
698 348 965 403 uirginitatis
999 362 1185 389 amorem

205 405 426 461 Parcaque
460 421 565 448 anus
598 407 748 449 coluit:

145 465 204 506 Et
236 465 360 519 mihi,
393 466 504 520 quod
536 467 697 519 potuit,
730 466 928 520 quamuis
961 465 1010 507 de
1039 480 1225 520 paupere
1253 481 1440 521 summa,
1472 478 1491 509 5

206 523 344 565 Mater
375 525 456 579 uti7
489 524 708 566 adtribuit.

147 582 263 637 Ergo
296 585 633 625 commemorata
664 583 774 624 haue
807 585 1103 638 maestumque
1136 587 1290 625 uocata

206 641 289 683 Pro
322 642 538 696 genetrice
570 642 677 683 uale.

79 770 152 801 [186]
441 756 590 792 XXVII.
629 757 763 792 IVLIA
790 758 1006 793 VENERIA
1033 758 1197 793 AMITA.

144 829 203 870 Et
235 830 368 870 amita
400 829 586 871 Veneria
617 831 857 885 properiter
889 831 1015 873 obiit:

146 887 226 929 Cui
259 888 409 930 breuia
442 889 578 930 melea
610 889 809 930 modifica
838 890 1001 931 recino:

145 946 262 988 Ciuis
295 951 343 988 ut
374 948 614 1001 placidulus
648 948 701 989 ab
736 963 862 1002 opere
894 949 1058 1003 uigeat,

145 1005 362 1061 Celeripes
396 1007 523 1048 adeat
554 1008 649 1048 loca
679 1008 813 1048 tacita
843 1007 987 1048 Erebi.

75 1145 146 1179 [18⁷]
379 1134 544 1170 XXVIII.
580 1133 715 1168 IVLIA
739 1134 906 1169 IDALIA
932 1134 1255 1170 CONSOBRINA.

144 1206 286 1247 Parua
318 1207 445 1248 etiam
480 1207 563 1247 fuit
594 1206 750 1260 Idalia,

143 1264 329 1307 Nomine
362 1265 557 1319 praedita
592 1280 700 1320 quae
733 1265 921 1320 Paphiae

142 1324 202 1365 Et
234 1325 420 1377 speciem
454 1325 610 1365 meruit
642 1325 836 1366 Veneris.

144 1382 261 1431 Quae
294 1384 440 1438 genita
473 1387 538 1424 est
570 1384 677 1424 mihi
708 1398 843 1437 paene
877 1399 1015 1425 soror:

142 1442 255 1483 Filia
285 1457 386 1482 nam
418 1442 502 1483 fuit
532 1442 638 1484 haec
671 1443 840 1484 amitae.
1470 1455 1489 1486 5

142 1499 281 1548 Quam
314 1501 504 1542 celebrat
535 1502 613 1542 sub
646 1501 808 1543 honore
839 1502 910 1556 pio

142 1559 284 1601 Nenia
317 1560 506 1601 carmine
539 1560 728 1602 funereo.

72 1688 148 1720 [188]
379 1675 563 1710 XXVIIII.
604 1675 806 1711 AEMILIA
832 1676 1052 1711 MELANIA
1079 1677 1245 1712 SOROR.

141 1747 328 1789 Aemilia
359 1751 419 1801 et,
452 1749 523 1789 uix
553 1751 658 1790 nota
689 1749 796 1790 mihi
828 1764 966 1804 soror,
999 1750 1142 1804 accipe
1176 1753 1370 1804 questus,

201 1807 370 1848 Debent
403 1821 508 1861 quos
542 1808 673 1849 cineri
705 1811 870 1849 maesta
903 1809 1050 1863 elegea
1081 1811 1168 1850 tuo.

236 1923 354 1957 XXVI
392 1934 611 1957 CATAFRONIA
650 1923 685 1957 V
778 1927 797 1958 2
832 1924 1074 1959 catafroniam
1113 1925 1148 1959 V
1240 1927 1261 1959 5
1293 1925 1379 1960 mici
1412 1925 1446 1959 V
1480 1926 1484 1971 Ῐ

140 1969 306 2014 quamuis
339 1970 373 2004 V
469 1974 488 2004 7
515 1970 583 2004 abe
618 1970 652 2004 V
673 1981 741 2005 aue
767 1971 939 2015 Luqclmz.
966 1972 1062 2006 haue
1089 1972 1229 2007 Raehse

235 2027 373 2062 XXVII
389 2033 406 2063 1
433 2029 584 2063 beneria
603 2029 638 2063 V
683 2033 703 2064 2
725 2030 844 2064 melea
858 2030 1054 2065 LMuelzer
1080 2031 1178 2065 mela
1197 2030 1233 2065 V
1277 2035 1297 2066 3
1313 2030 1359 2065 ab
1374 2041 1484 2075 opere

141 2076 274 2120 Peiper
288 2077 384 2123 odita
402 2076 439 2110 V
489 2080 510 2110 4
525 2076 704 2120 celeripes
719 2078 757 2111 et
770 2077 881 2111 adeat
900 2078 982 2112 loca
995 2078 1111 2113 tacita
1124 2077 1225 2113 erebi
1242 2078 1356 2122 (ei-eui
1373 2078 1434 2119 V1)
1453 2077 1489 2112 V

140 2124 179 2158 et
203 2125 269 2158 del.
290 2123 437 2168 Pez'per,
470 2124 554 2158 loca
584 2124 700 2158 tacita
732 2124 910 2168 celeripes
942 2125 1052 2159 adeat
1078 2125 1187 2160 Erebi
1215 2126 1378 2169 Scaliger
1401 2129 1440 2169 1,
1460 2130 1485 2160 S

234 2182 389 2217 XXVIII
414 2195 631 2217 CONSVBRINA
660 2182 695 2217 V
788 2187 809 2217 4
835 2183 921 2218 mici
948 2183 982 2217 V
1075 2188 1094 2217 3
1123 2184 1245 2228 specie
1271 2184 1440 2219 Brandes

234 2241 409 2276 XXVIIII
434 2254 554 2276 mmmm
580 2242 615 2276 V
699 2245 715 2275 1
744 2241 881 2277 Emilia
906 2242 981 2277 mix
1008 2242 1043 2277 V
1071 2243 1108 2277 et
1133 2242 1194 2277 uix
1214 2242 1347 2278 Hartel
1379 2254 1398 2278 o
1424 2242 1486 2278 uix

140 2289 271 2334 Peiper
367 2293 387 2324 2
414 2289 568 2335 elegaea
599 2288 645 2324 V¹
