1563 2511
71 496 157 537 393

70 560 162 607 post

74 967 161 1008 395

558 84 614 90 -
677 71 808 102 CXIIII
871 85 928 90 -—

187 183 275 208 cum
295 171 413 219 poeta
432 169 597 207 tertium
612 170 726 208 edere
741 171 907 219 parabat
923 170 1125 219 opuscula.
1159 172 1289 214 <Cento
1305 185 1358 218 pr.
1378 178 1413 208 1:

186 224 336 268 perlege
357 224 427 257 hoc
449 223 563 258 etiam
579 253 585 259 .
602 251 608 257 .
626 252 632 260 .
652 223 828 258 friuolum
849 227 885 258 et
903 223 1041 258 nullius
1055 223 1167 268 pretii
1186 222 1414 268 opusculum.

187 270 254 315 Ep.
281 269 349 304 VII
372 274 414 304 19
435 282 513 314 sqq.
541 281 585 305 ea
611 281 704 314 quae
731 271 801 305 tibi
827 270 901 305 iam
928 271 1061 305 cursim
1087 270 1236 305 fuerant
1262 270 1418 306 recitata

187 325 386 360 transmisi.
448 325 523 361 uid.
556 326 603 361 ad
635 337 669 362 a.
701 320 878 373 368f'370>.
954 323 1119 361 Ausonii
1165 323 1266 360 senis
1318 323 1416 372 epi-

189 383 458 432 grammata
503 380 683 420 Graeca
726 384 772 420 et
812 381 1157 420 Graeeolatina
1197 383 1251 420 48
1285 385 1329 419 et
1363 383 1415 420 49

189 439 256 490 (ex
287 435 548 493 Lucaniam),
581 442 636 479 46
671 444 717 478 et
749 442 822 487 47,
857 441 930 490 50,
965 442 1037 489 51,
1071 441 1123 478 57
1159 443 1205 478 et
1239 441 1304 479 58.

189 510 275 537 non
308 498 408 537 ant-e
442 496 601 537 exitum
632 496 759 537 huius
793 495 894 537 anni
926 494 1187 537 Ausonius
1222 496 1342 537 obiit.

188 570 222 596 a.
249 558 333 596 393
372 558 574 596 tertium
614 558 745 595 edita
783 559 896 595 sunt
926 557 1129 596 Ausonii
1168 558 1419 607 opuscula:

189 618 290 655 hane
329 616 542 655 editionem
580 617 663 666 ipse
695 630 775 655 non
806 617 997 668 absoluit,
1037 617 1105 655 sed
1137 630 1225 655 eum
1257 617 1418 654 interim

191 676 357 725 obisset⁷
390 675 554 714 heredes
592 689 639 713 ex
670 676 819 714 relictis
851 677 991 725 poetae
1024 676 1177 714 schedis
1205 676 1415 724 conpleue-

190 736 301 782 runt⁷
340 733 540 783 pedestria
579 735 823 784 adiecerunt3
866 737 906 772 et
942 735 1073 772 neseio
1114 747 1162 772 an
1200 734 1418 783 Hesperius

191 792 319 830 editor
344 793 478 843 fuerit,
505 793 573 843 qui
599 793 760 831 uidetur
785 793 911 843 patris
945 796 1144 842 superstes
1177 793 1312 831 fuisse.
1362 793 1421 830 in-

192 851 426 900 scriptiones
466 853 750 901 opusculorum
787 852 1000 902 pleraeque
1040 853 1088 890 ab
1122 852 1208 901 ipso
1241 851 1418 890 Ausonio

193 910 370 960 additae,
408 911 457 948 ab
495 911 707 949 heredibus
747 913 900 949 ceterae
940 911 1150 956 factanel
1182 924 1204 949 a
1235 911 1420 949 librariis.

194 966 231 1066 {L
255 966 306 1031 IT
330 965 500 1008 Ianuar.
545 966 866 1008 Theodosius
886 966 1110 1021 Augustus
1133 967 1240 1008 obiit
1262 966 1420 1008 Medio-

212 1039 293 1066 am.
