1563 2511
623 44 916 86 ,50-

100 147 368 202 Quamquam
395 146 562 190 heredis
589 162 731 203 egens,
757 150 824 191 bis
852 164 924 192 sex
950 150 1242 205 quinquennia
1262 151 1447 207 functus,

157 206 306 248 Fletus
340 220 383 247 es
416 221 441 247 a
471 207 595 249 nobis
626 210 675 249 ut
706 211 829 262 pater
861 212 904 250 et
934 209 1113 250 iuuenis.

96 264 157 306 Et
187 279 319 319 nunc,
351 265 440 306 siue
473 265 633 320 aliquid
664 269 765 321 post
795 267 887 308 fata
919 270 1108 309 extrema
1140 269 1334 324 superfit,

156 323 281 365 Viuis
314 323 452 365 adhuc
484 325 595 379 aeui,
627 325 740 379 quod
772 326 918 379 periit,
950 326 1202 368 meminens:
1400 339 1445 370 40

98 380 198 424 Siue
229 382 341 423 nihil
374 386 566 436 superest
594 398 673 425 nec
704 384 867 425 habent
898 385 1029 439 longa
1061 386 1150 427 otia
1183 400 1349 439 sensus,

156 441 221 482 Tu
252 441 333 482 tibi
364 441 532 483 uixisti:
563 457 642 484 nos
674 444 749 483 tua
780 443 896 483 fama
927 443 1058 484 iuuat.

32 568 106 600 [192]
263 555 307 589 Il.
333 555 543 592 LATINVS
570 556 779 592 ALCIMVS
804 557 1047 593 ALETHIVS
1073 558 1277 595 RHETOR.

156 639 248 681 Nec
278 655 347 681 me
377 642 557 694 nepotes
589 641 711 696 impii
745 641 907 683 silentii

214 698 353 740 Reum
385 699 575 754 ciebunt,
607 699 794 754 Alcime,

155 756 383 812 Minusque
415 757 610 813 dignum,
641 773 728 800 non
760 761 804 799 et
835 759 1017 801 oblitum
1049 759 1188 802 ferent-

215 815 332 857 Tuae
364 816 609 858 ministrum
642 817 890 870 memoriae,

154 873 348 929 Opponit
377 889 510 915 unum
541 889 668 929 quem
699 875 803 917 uiris
834 876 1050 930 prioribus
1421 890 1439 920 5

212 932 346 974 Aetas
381 934 564 975 recentis
596 934 816 988 temporis.

153 990 326 1033 Palmae
356 990 541 1034 forensis
574 995 618 1034 et
649 1007 920 1034 camenarum
953 992 1098 1048 decus,

211 1049 445 1104 Exemplar
474 1065 609 1092 unum
640 1052 686 1092 in
717 1051 892 1104 litteris,

155 1107 270 1156 Quas
304 1112 379 1150 aut
410 1108 594 1151 Athenis
627 1109 754 1151 docta
786 1110 920 1152 coluit
951 1109 1148 1165 Graecia,

210 1167 302 1208 Aut
332 1167 472 1209 Roma
503 1183 579 1222 per
609 1167 784 1209 Latium
816 1169 932 1210 colit.
1397 1183 1439 1213 10

153 1225 350 1267 Moresne
384 1226 507 1268 fabor
539 1230 582 1268 et
612 1229 805 1269 tenorem
837 1227 1012 1282 regulae

211 1283 279 1325 Ad
308 1299 442 1339 usque
473 1286 589 1327 uitae
620 1285 883 1327 terminum?

152 1342 275 1392 Quod
306 1343 430 1385 laude
463 1344 619 1398 clarus,
652 1344 764 1399 quod
797 1349 996 1398 operatus
1029 1344 1186 1387 litteris

211 1400 390 1443 Omnem
423 1402 622 1458 refugisti
655 1403 896 1444 ambitum?

150 1460 210 1501 Te
240 1475 365 1502 nemo
398 1462 573 1516 grauior
602 1462 672 1503 uel
705 1462 788 1504 fuit
820 1461 953 1504 comis
986 1463 1124 1517 magis
1396 1476 1437 1506 15

210 1519 301 1561 Aut
332 1520 524 1561 liberalis
556 1521 735 1576 indigis,

150 1577 303 1619 Danda
336 1579 492 1632 salute,
525 1579 561 1620 si
592 1579 732 1621 forum
763 1594 831 1620 res
863 1582 1075 1634 posceret3

210 1636 362 1679 Studio
396 1637 592 1690 docendi,
624 1638 659 1679 si
692 1638 897 1680 scholam.

149 1694 310 1737 Viuent
340 1710 417 1750 per
449 1711 620 1738 omnem
652 1700 923 1751 posterorum
955 1696 1223 1751 memoriam,

208 1754 324 1803 Quos
357 1757 404 1796 tu
436 1769 581 1796 sacrae
612 1755 752 1797 famae
785 1755 916 1797 dabas
1391 1767 1434 1798 -ΞΟ

184 1861 227 1892 37
253 1859 444 1902 tamquam
474 1858 508 1892 V
529 1869 621 1894 corr.
651 1859 730 1894 Tou
751 1861 756 1904 1
780 1859 896 1894 eredis
929 1859 976 1893 V¹
1075 1863 1117 1894 38
1145 1859 1250 1894 nobis
1278 1860 1315 1904 (b
1342 1871 1384 1895 ecc
1410 1872 1433 1894 u

85 1906 161 1949 pr.)
192 1904 227 1938 V
318 1909 362 1939 42
388 1905 493 1940 iubat
523 1905 558 1939 V

183 1962 216 1996 II
246 1974 394 1997 Ancxxvs
422 1965 527 2008 (corr.
554 1964 744 2009 Luydzm.)
771 1967 802 1999 et
827 1976 961 1998 nemon
989 1964 1046 2008 Vl
1072 1967 1105 1998 Γ
1126 1966 1244 1999 metro
1270 1964 1432 2000 iambico

87 2010 135 2045 al.
161 2020 274 2054 Μία-9.
310 2009 343 2043 V
435 2014 458 2044 4
484 2011 654 2045 ministrfi
682 2013 714 2055 (⁶
738 2022 809 2056 pro
838 2012 868 2055 a)
896 2011 929 2044 V
1009 2015 1029 2045 6
1055 2011 1226 2057 recsentis
1252 2014 1285 2056 (c
1312 2023 1354 2046 esc
1380 2014 1432 2055 t‘?)

94 2091 128 2125 V
241 2095 260 2126 9
287 2091 428 2126 athenis
461 2092 494 2126 V
597 2097 636 2127 11
665 2093 770 2128 fauor
801 2093 834 2126 V
862 2104 973 2138 mary.
1008 2057 1036 2146 ᾖ
1068 2094 1106 2137 (ιῖ.
1133 2094 1235 2137 Nom)
1261 2093 1295 2127 V
1389 2097 1431 2129 13

1028 2150 1039 2167 x

88 2175 260 2219 operatus
286 2173 397 2209 Sebis.
423 2176 574 2219 paratus
608 2175 641 2209 V
750 2180 790 2209 1ss
817 2175 983 2210 liueralis
1016 2175 1050 2208 V
1139 2178 1181 2209 18
1209 2174 1254 2209 si:
1281 2175 1293 2208 i
1321 2176 1366 2209 al.
1401 2175 1435 2209 V

85 2222 383 2303 sczgnkslacratae
420 2223 542 2257 famae
581 2222 645 2265 das
678 2222 711 2257 V
744 2234 832 2257 corr.
870 2223 1067 2267 Goropius,
1106 2222 1259 2257 sacrasti
1294 2221 1430 2257 litteras
