1563 2511
624 62 938 103 —141—

108 167 189 217 Qui
221 169 335 208 meat
369 169 411 208 et
443 166 628 208 Dextrae
661 166 895 207 Rhodanus
929 167 1002 207 dat
1032 167 1204 208 nomina
1235 166 1372 220 ripae:

107 226 167 267 Te
201 225 368 281 stagnis
401 239 480 280 ego
513 226 718 266 caeruleis
750 238 1040 279 magnumque
1074 226 1239 266 sonoris

106 285 338 340 Amnibus,
370 298 603 339 aequoreae
636 287 679 325 te
712 284 1018 326 commendabo
1052 283 1304 325 Garumnae.

276 429 540 467 EPISTVLA
573 427 852 467 61101Αο111
883 428 956 466 AD
990 427 1281 466 AVSONIVM.

40 506 299 575 ἐἔὲἒὲἒῗὲὴίμεη
507 529 807 564 SYMMAchs
834 528 1059 564 Avsomo,

223 614 343 656 Petis
387 629 411 655 a
455 628 522 655 me
566 614 734 655 litteras
772 614 1000 668 longiores.
1070 616 1136 654 est
1174 612 1256 654 hoc
1294 612 1339 652 in
1376 625 1453 652 nos

106 673 196 714 ueri
240 674 398 714 amoris
442 672 659 714 indicium.
728 673 801 714 sed
840 687 937 728 ego,
982 672 1055 727 qui
1094 672 1174 713 sim
1212 670 1456 725 paupertini

106 732 267 786 ingenii
293 732 377 773 mei
403 732 610 786 conscius,
635 731 874 773 Laconicae
900 732 1015 773 malo
1043 730 1213 772 studere
1239 729 1455 779 breuitaffl,

106 805 234 845 quam
267 791 508 846 multiiugis
534 791 703 846 paginis
730 791 940 832 infantiae
967 805 1086 831 meae
1113 789 1292 831 maciem
1318 788 1456 842 publi-

106 864 213 891 care.
274 864 352 892 nec
390 851 564 903 mirum,
604 851 640 891 si
672 850 828 904 eloquii
859 850 1000 891 nostri
1030 864 1140 890 uena
1171 849 1349 890 tenuata
1380 849 1457 899 est,
1483 856 1503 888 5

106 923 235 962 quam
282 909 440 950 dudum
483 924 622 963 neque
666 909 796 950 ullius
840 909 1053 963 poematis
1096 908 1160 949 tui
1202 920 1339 962 neque
1383 920 1455 959 pe-

107 967 312 1009 destrium
343 968 612 1010 uoluminum
643 968 825 1009 lectione
857 968 1018 1009 iuuisti.
1068 967 1179 1008 unde
1210 965 1344 1021 igitur
1371 979 1456 1005 ser-

106 1027 248 1068 monis
287 1027 371 1068 mei
407 1027 575 1082 largam
611 1027 752 1081 poscis
789 1041 983 1080 usuram,
1021 1027 1094 1080 qui
1132 1025 1241 1066 nihil
1272 1023 1456 1065 litterati

105 1085 295 1127 faenoris
333 1085 578 1127 credidisti?
641 1086 799 1127 uolitat
836 1089 937 1127 tuus
972 1085 1154 1126 Mosella
1191 1098 1266 1137 per
1303 1096 1455 1124 manus

108 1144 308 1199 sinusque
340 1144 577 1186 multorum
609 1144 766 1186 diuinis
800 1159 824 1186 a
855 1147 899 1186 te
930 1144 1129 1186 uersibus
1163 1145 1455 1184 consecratus:
1483 1151 1527 1182 10

108 1203 181 1244 sed
219 1206 389 1245 tantum
426 1206 577 1245 nostra
609 1218 684 1245 ora
714 1203 990 1258 praelabitur.
1047 1217 1120 1245 cur
1151 1217 1217 1243 me
1249 1200 1375 1242 istius
1407 1200 1455 1241 li-

106 1262 222 1316 belli,
255 1276 423 1316 quaeso
456 1265 645 1304 exortem
678 1277 769 1304 esse
795 1261 1001 1305 uoluisti?
1058 1264 1132 1303 aut
1157 1256 1456 1314 ἄμουσότερος

106 1321 189 1362 tibi
220 1321 414 1387 uidebar,
453 1322 524 1377 qui
556 1322 743 1363 iudicare
775 1336 862 1364 non
894 1336 1082 1376 possem,
1118 1323 1193 1362 aut
1225 1321 1337 1361 certe
1369 1333 1456 1359 ma-

107 1380 265 1435 lignus,
296 1380 370 1435 qui
400 1381 574 1423 laudare
606 1382 826 1423 nescirem.
875 1381 1020 1435 itaque
1053 1381 1122 1421 uel
1153 1378 1328 1433 ingenio
1361 1391 1455 1418 11160

202 1500 270 1532 481
298 1497 423 1532 dextre
451 1497 485 1533 G
581 1501 649 1532 483
676 1498 770 1533 deest
794 1497 829 1532 L
851 1499 856 1541 l
878 1507 1056 1543 garumne
1085 1495 1224 1530 C'Celtis
1248 1497 1290 1528 ut
1315 1493 1391 1528 uid.
1418 1494 1459 1528 in

108 1545 183 1581 cod.
212 1544 365 1580 Vindob.
393 1545 644 1587 adwotatione,
670 1555 858 1598 garunnae
884 1545 964 1580 RB
991 1553 1177 1588 garonnae
1207 1542 1241 1578 G

204 1592 335 1636 Explic
361 1592 496 1628 decimi
515 1592 643 1637 magni
663 1592 807 1627 ausonii
825 1591 989 1627 mosella.
1029 1591 1165 1635 Incipit
1184 1589 1345 1657 epistola
1365 1599 1460 1646 sym-

111 1746 177 1769 om.
198 1734 234 1768 R
259 1735 368 1770 inser.
396 1745 461 1769 om.
483 1746 503 1769 6
523 1736 565 1779 (ω
588 1751 632 1763 =
654 1735 741 1769 libri
759 1735 971 1769 Ausoniam·
993 1733 1069 1769 GB
1077 1733 1123 1775 L
1150 1744 1170 1766 σ
1190 1749 1234 1761 =
1255 1731 1462 1777 Symmachi

112 1782 199 1816 libri
223 1781 266 1816 P.
292 1783 316 1817 i.
338 1782 537 1817 Palatinus
562 1785 593 1816 et
619 1781 660 1816 F
680 1782 705 1816 i.
733 1780 995 1826 Florilegyium5
1025 1781 1161 1816 accedit
1186 1779 1404 1823 aliquotiens
1431 1779 1465 1811 Γ

111 1830 135 1863 i.
164 1828 346 1873 Gz'pham'i
370 1830 481 1864 cocleae
506 1832 538 1864 et
565 1831 596 1863 Φ
621 1830 646 1863 i.
673 1829 885 1873 Fulclemszs)
916 1830 928 1873 ΙΙ
961 1840 1010 1864 .S.
1045 1827 1199 1862 ausonio
1227 1826 1265 1861 F
1313 1826 1461 1860 simma·
1484 1822 1563 1857 GE

113 1886 175 1910 cus
204 1876 356 1911 ausonio
383 1876 542 1912 salutem
563 1876 598 1911 L
625 1887 692 1911 om.
716 1875 836 1910 GBP
931 1880 948 1910 1
975 1875 1014 1910 in
1039 1886 1107 1910 nos
1133 1874 1212 1909 ueri
1238 1886 1258 1908 σ
1282 1873 1322 1907 10
1343 1871 1463 1908 nostri

113 1923 241 1968 ω(οῐ·1
271 1925 313 1958 in
343 1934 416 1958 ras.
442 1924 507 1968 ΒΞ)
605 1927 625 1958 2
658 1923 722 1967 qui
754 1923 824 1957 sim
853 1923 887 1960 G
918 1923 981 1966 qui
1015 1923 1071 1957 sin
1096 1923 1133 1957 P
1158 1920 1266 1966 quasi
1293 1920 1370 1955 FF
1399 1920 1462 1964 qui

114 1981 193 2004 sum
219 1971 297 2005 BL
382 1975 402 2006 3
427 1970 572 2006 laconie
598 1970 633 2004 L
656 1973 660 2015 l
682 1971 796 2006 mallo
820 1971 853 2006 G
937 1975 959 2005 4
984 1969 1203 2015 multiuagis
1228 1969 1264 2003 B
1290 1967 1313 2001 l
1335 1967 1462 2002 multis

113 2017 222 2062 nugis
247 2029 282 2053 ss
310 2018 344 2054 G
373 2020 378 2063 l
412 2018 571 2063 paginae
601 2019 635 2054 G
668 2021 672 2050 Ι
706 2018 841 2053 infacie
867 2018 901 2052 L
998 2020 1018 2051 5
1044 2029 1112 2052 nec
1138 2018 1367 2061 absumptum
1392 2015 1460 2054 Β’

113 2064 262 2111 mirum]
283 2064 377 2100 mihi
396 2065 429 2099 L
451 2067 456 2110 Ι
478 2065 612 2139 ngsstri]
633 2065 706 2101 mei
719 2066 756 2100 B
829 2070 849 2101 6
869 2076 936 2100 1160
950 2065 984 2099 L
1005 2066 1011 2110 Ι
1033 2065 1161 2110 ullius]
1182 2064 1222 2099 ul
1240 2063 1381 2109 syllaba
1402 2062 1463 2096 ab

114 2150 260 2191 sumpta
284 2148 321 2182 B
415 2152 434 2182 7
467 2148 690 2193 potestrium
722 2149 783 2192 (al.
811 2149 916 2192 corr)
938 2147 974 2181 L
1060 2152 1132 2182 7-
1143 2150 1162 2181 9
1189 2146 1335 2181 unde—
1349 2143 1463 2178 credi-

117 2194 207 2228 disti
232 2205 296 2229 om.
319 2194 397 2230 BL
495 2200 515 2231 8
543 2195 622 2241 qui]
650 2196 709 2230 cui
731 2196 765 2231 G
863 2199 904 2229 11
932 2194 1139 2240 prelabitur
1162 2192 1196 2228 G
1294 2196 1335 2226 12
1363 2202 1463 2225 amu-

117 2242 257 2276 soteros
283 2255 310 2276 co
337 2253 485 2278 amusos
512 2255 532 2277 σ
607 2247 649 2278 13
676 2243 879 2278 diiudicare
907 2255 926 2277 6
949 2244 953 2287 Ι
976 2241 1117 2286 possim
1144 2241 1177 2276 G
1252 2243 1295 2273 14
1320 2238 1463 2283 itaque]

117 2287 246 2332 utique
273 2289 363 2324 Suse
