<?xml version="1.0" encoding="UTF-8"?>
<!DOCTYPE html PUBLIC "-//W3C//DTD XHTML 1.0 Transitional//EN"
    "http://www.w3.org/TR/xhtml1/DTD/xhtml1-transitional.dtd">
<html xmlns="http://www.w3.org/1999/xhtml" xml:lang="en" lang="en">
 <head>
  <title>
</title>
<meta http-equiv="Content-Type" content="text/html;charset=utf-8" />
  <meta name='ocr-system' content='tesseract 3.04.00' />
  <meta name='ocr-capabilities' content='ocr_page ocr_carea ocr_par ocr_line ocrx_word'/>
</head>
<body>
  <div class='ocr_page' id='page_1' title='image "./opuscula00ausouoft/opuscula00ausouoft_0537.png"; bbox 0 0 1563 2511; ppageno 0'>
   <div class='ocr_carea' id='block_1_1' title="bbox 0 0 17 676">
    <p class='ocr_par' dir='ltr' id='par_1_1' title="bbox 0 0 17 676">
     <span class='ocr_line' id='line_1_1' title="bbox 0 0 17 676; baseline 0 1835"><span class='ocrx_word' id='word_1_1' title='bbox 0 0 17 676; x_wconf 95' lang='lat' dir='ltr'> </span> 
     </span>
    </p>
   </div>
   <div class='ocr_carea' id='block_1_2' title="bbox 567 49 884 91">
    <p class='ocr_par' dir='ltr' id='par_1_2' title="bbox 567 49 884 91">
     <span class='ocr_line' id='line_1_2' title="bbox 567 49 884 91; baseline 0 0"><span class='ocrx_word' id='word_1_2' title='bbox 567 49 770 91; x_wconf 77' lang='lat'>—403</span> <span class='ocrx_word' id='word_1_3' title='bbox 837 75 884 78; x_wconf 97' lang='lat'><strong>—</strong></span> 
     </span>
    </p>
   </div>
   <div class='ocr_carea' id='block_1_3' title="bbox 677 186 772 222">
    <p class='ocr_par' dir='ltr' id='par_1_3' title="bbox 677 186 772 222">
     <span class='ocr_line' id='line_1_3' title="bbox 677 186 772 222; baseline 0.021 -2"><span class='ocrx_word' id='word_1_4' title='bbox 677 186 772 222; x_wconf 88' lang='lat' dir='ltr'>XXI.</span> 
     </span>
    </p>
   </div>
   <div class='ocr_carea' id='block_1_4' title="bbox 0 253 1460 1151">
    <p class='ocr_par' dir='ltr' id='par_1_4' title="bbox 197 253 1258 304">
     <span class='ocr_line' id='line_1_4' title="bbox 197 253 1258 304; baseline 0.003 -13"><span class='ocrx_word' id='word_1_5' title='bbox 197 257 250 302; x_wconf 89' lang='grc' dir='ltr'>Τῇ</span> <span class='ocrx_word' id='word_1_6' title='bbox 280 253 317 291; x_wconf 78' lang='grc' dir='ltr'>δ’</span> <span class='ocrx_word' id='word_1_7' title='bbox 345 254 409 301; x_wconf 69' lang='grc' dir='ltr'>ἄρ’</span> <span class='ocrx_word' id='word_1_8' title='bbox 440 255 501 291; x_wconf 80' lang='grc' dir='ltr'>ἐπὶ</span> <span class='ocrx_word' id='word_1_9' title='bbox 528 256 638 301; x_wconf 81' lang='grc' dir='ltr'><em>φρεσὶ</em></span> <span class='ocrx_word' id='word_1_10' title='bbox 663 258 761 299; x_wconf 77' lang='grc' dir='ltr'>θῆκε</span> <span class='ocrx_word' id='word_1_11' title='bbox 787 255 862 292; x_wconf 69' lang='grc' dir='ltr'>θεοὶ</span> <span class='ocrx_word' id='word_1_12' title='bbox 890 260 1102 302; x_wconf 74' lang='grc' dir='ltr'><em>γλαυκῶπις</em></span> <span class='ocrx_word' id='word_1_13' title='bbox 1125 256 1258 304; x_wconf 79' lang='grc' dir='ltr'><em>Ἀθήνη</em></span> 
     </span>
    </p>

    <p class='ocr_par' dir='ltr' id='par_1_5' title="bbox 0 304 1460 1151">
     <span class='ocr_line' id='line_1_5' title="bbox 195 304 1090 340; baseline 0.002 -2"><span class='ocrx_word' id='word_1_14' title='bbox 195 304 266 339; x_wconf 88' lang='lat' dir='ltr'>Hic</span> <span class='ocrx_word' id='word_1_15' title='bbox 290 305 453 338; x_wconf 87' lang='lat' dir='ltr'>mentem</span> <span class='ocrx_word' id='word_1_16' title='bbox 480 304 583 339; x_wconf 82' lang='lat' dir='ltr'>dedit</span> <span class='ocrx_word' id='word_1_17' title='bbox 609 304 748 339; x_wconf 83' lang='lat' dir='ltr'>Icariae</span> <span class='ocrx_word' id='word_1_18' title='bbox 775 304 943 339; x_wconf 82' lang='lat' dir='ltr'>Tritonia</span> <span class='ocrx_word' id='word_1_19' title='bbox 968 305 1090 340; x_wconf 82' lang='lat' dir='ltr'>Pallas</span> 
     </span>
     <span class='ocr_line' id='line_1_6' title="bbox 141 387 1392 442; baseline 0.004 -14"><span class='ocrx_word' id='word_1_20' title='bbox 141 387 287 429; x_wconf 81' lang='lat' dir='ltr'>Vlixes</span> <span class='ocrx_word' id='word_1_21' title='bbox 307 387 498 429; x_wconf 86' lang='lat' dir='ltr'>Eumaeo</span> <span class='ocrx_word' id='word_1_22' title='bbox 525 390 568 428; x_wconf 92' lang='lat' dir='ltr'>et</span> <span class='ocrx_word' id='word_1_23' title='bbox 591 387 819 442; x_wconf 86' lang='lat' dir='ltr'>Philoetio,</span> <span class='ocrx_word' id='word_1_24' title='bbox 845 388 942 429; x_wconf 90' lang='lat' dir='ltr'>fidei</span> <span class='ocrx_word' id='word_1_25' title='bbox 969 402 1115 430; x_wconf 85' lang='lat' dir='ltr'>eorum</span> <span class='ocrx_word' id='word_1_26' title='bbox 1141 390 1392 433; x_wconf 84' lang='lat' dir='ltr'>industriae-</span> 
     </span>
     <span class='ocr_line' id='line_1_7' title="bbox 7 446 1393 504; baseline 0.003 -17"><span class='ocrx_word' id='word_1_27' title='bbox 7 454 8 494; x_wconf 66' lang='lat'>}</span> <span class='ocrx_word' id='word_1_28' title='bbox 53 461 132 501; x_wconf 88' lang='lat' dir='ltr'>que</span> <span class='ocrx_word' id='word_1_29' title='bbox 160 447 357 498; x_wconf 88' lang='lat' dir='ltr'>confisus,</span> <span class='ocrx_word' id='word_1_30' title='bbox 385 447 458 500; x_wconf 88' lang='lat' dir='ltr'>qui</span> <span class='ocrx_word' id='word_1_31' title='bbox 484 446 540 488; x_wconf 90' lang='lat' dir='ltr'>sit</span> <span class='ocrx_word' id='word_1_32' title='bbox 565 447 739 488; x_wconf 83' lang='lat' dir='ltr'>reuelat.</span> <span class='ocrx_word' id='word_1_33' title='bbox 779 449 822 487; x_wconf 86' lang='lat' dir='ltr'>et</span> <span class='ocrx_word' id='word_1_34' title='bbox 845 449 1076 501; x_wconf 74' lang='lat' dir='ltr'><strong>postquam</strong></span> <span class='ocrx_word' id='word_1_35' title='bbox 1107 447 1221 489; x_wconf 85' lang='lat' dir='ltr'>facta</span> <span class='ocrx_word' id='word_1_36' title='bbox 1251 451 1393 504; x_wconf 81' lang='lat' dir='ltr'>cogni-</span> 
     </span>
     <span class='ocr_line' id='line_1_8' title="bbox 6 505 1439 562; baseline 0.002 -16"><span class='ocrx_word' id='word_1_37' title='bbox 6 522 8 526; x_wconf 51' lang='lat'><em>*</em></span> <span class='ocrx_word' id='word_1_38' title='bbox 51 505 113 547; x_wconf 90' lang='lat' dir='ltr'>tio</span> <span class='ocrx_word' id='word_1_39' title='bbox 141 507 221 558; x_wconf 89' lang='lat' dir='ltr'>est,</span> <span class='ocrx_word' id='word_1_40' title='bbox 256 505 426 547; x_wconf 86' lang='lat' dir='ltr'>caedem</span> <span class='ocrx_word' id='word_1_41' title='bbox 459 519 685 559; x_wconf 88' lang='lat' dir='ltr'>procorum</span> <span class='ocrx_word' id='word_1_42' title='bbox 717 520 794 560; x_wconf 85' lang='lat' dir='ltr'>pro</span> <span class='ocrx_word' id='word_1_43' title='bbox 827 507 1021 560; x_wconf 83' lang='lat' dir='ltr'>tempore</span> <span class='ocrx_word' id='word_1_44' title='bbox 1054 506 1209 548; x_wconf 89' lang='lat' dir='ltr'>instrui</span> <span class='ocrx_word' id='word_1_45' title='bbox 1241 508 1394 562; x_wconf 85' lang='lat' dir='ltr'>placet.</span> <span class='ocrx_word' id='word_1_46' title='bbox 1420 521 1439 549; x_wconf 81' lang='lat'>5</span> 
     </span>
     <span class='ocr_line' id='line_1_9' title="bbox 6 561 1392 620; baseline 0.001 -15"><span class='ocrx_word' id='word_1_47' title='bbox 6 561 7 586; x_wconf 67' lang='lat'>³</span> <span class='ocrx_word' id='word_1_48' title='bbox 52 578 156 618; x_wconf 87' lang='lat' dir='ltr'>quos</span> <span class='ocrx_word' id='word_1_49' title='bbox 189 564 338 606; x_wconf 83' lang='lat' dir='ltr'><strong>Vlixes</strong></span> <span class='ocrx_word' id='word_1_50' title='bbox 372 566 468 605; x_wconf 91' lang='lat' dir='ltr'>astu</span> <span class='ocrx_word' id='word_1_51' title='bbox 502 565 769 620; x_wconf 78' lang='lat' dir='ltr'>aggreditur,</span> <span class='ocrx_word' id='word_1_52' title='bbox 804 567 852 606; x_wconf 90' lang='lat' dir='ltr'>ut</span> <span class='ocrx_word' id='word_1_53' title='bbox 884 564 1026 619; x_wconf 88' lang='lat' dir='ltr'>ipsum</span> <span class='ocrx_word' id='word_1_54' title='bbox 1059 579 1224 619; x_wconf 90' lang='lat' dir='ltr'>quoque</span> <span class='ocrx_word' id='word_1_55' title='bbox 1257 566 1392 607; x_wconf 82' lang='lat' dir='ltr'>inten-</span> 
     </span>
     <span class='ocr_line' id='line_1_10' title="bbox 5 623 1392 678; baseline 0.001 -15"><span class='ocrx_word' id='word_1_56' title='bbox 5 630 20 672; x_wconf 54' lang='lat' dir='ltr'><em>j</em></span> <span class='ocrx_word' id='word_1_57' title='bbox 51 623 186 664; x_wconf 89' lang='lat' dir='ltr'>dendo</span> <span class='ocrx_word' id='word_1_58' title='bbox 220 637 363 664; x_wconf 88' lang='lat' dir='ltr'>arcum</span> <span class='ocrx_word' id='word_1_59' title='bbox 394 624 507 665; x_wconf 86' lang='lat' dir='ltr'>uires</span> <span class='ocrx_word' id='word_1_60' title='bbox 543 624 697 665; x_wconf 82' lang='lat' dir='ltr'>seniles</span> <span class='ocrx_word' id='word_1_61' title='bbox 731 623 953 677; x_wconf 82' lang='lat' dir='ltr'>explorare</span> <span class='ocrx_word' id='word_1_62' title='bbox 984 624 1215 676; x_wconf 83' lang='lat' dir='ltr'>patiantur.</span> <span class='ocrx_word' id='word_1_63' title='bbox 1268 639 1392 678; x_wconf 84' lang='lat' dir='ltr'>quem</span> 
     </span>
     <span class='ocr_line' id='line_1_11' title="bbox 4 681 1392 736; baseline 0.002 -14"><span class='ocrx_word' id='word_1_64' title='bbox 4 728 5 731; x_wconf 11' lang='grc' dir='ltr'><strong>Ἴ</strong></span> <span class='ocrx_word' id='word_1_65' title='bbox 49 682 123 722; x_wconf 90' lang='grc'>11111</span> <span class='ocrx_word' id='word_1_66' title='bbox 151 682 363 736; x_wconf 85' lang='lat' dir='ltr'>quondam</span> <span class='ocrx_word' id='word_1_67' title='bbox 382 681 501 723; x_wconf 80' lang='lat' dir='ltr'>Vlixi</span> <span class='ocrx_word' id='word_1_68' title='bbox 526 682 697 724; x_wconf 79' lang='lat' dir='ltr'>facilem</span> <span class='ocrx_word' id='word_1_69' title='bbox 719 683 754 723; x_wconf 92' lang='lat' dir='ltr'>si</span> <span class='ocrx_word' id='word_1_70' title='bbox 776 682 870 736; x_wconf 89' lang='lat' dir='ltr'>quis</span> <span class='ocrx_word' id='word_1_71' title='bbox 891 682 1141 735; x_wconf 71' lang='lat' dir='ltr'>intenderet,</span> <span class='ocrx_word' id='word_1_72' title='bbox 1166 682 1392 725; x_wconf 82' lang='lat' dir='ltr'>habiturus</span> 
     </span>
     <span class='ocr_line' id='line_1_12' title="bbox 4 741 1390 795; baseline 0.001 -14"><span class='ocrx_word' id='word_1_73' title='bbox 4 755 5 761; x_wconf 56' lang='lat'>¹</span> <span class='ocrx_word' id='word_1_74' title='bbox 50 742 162 781; x_wconf 86' lang='lat' dir='ltr'>esset</span> <span class='ocrx_word' id='word_1_75' title='bbox 194 741 429 794; x_wconf 87' lang='lat' dir='ltr'>praemium</span> <span class='ocrx_word' id='word_1_76' title='bbox 455 741 590 795; x_wconf 90' lang='lat' dir='ltr'>ipsius</span> <span class='ocrx_word' id='word_1_77' title='bbox 618 741 856 794; x_wconf 86' lang='lat' dir='ltr'>Penelopae</span> <span class='ocrx_word' id='word_1_78' title='bbox 882 741 1141 795; x_wconf 86' lang='lat' dir='ltr'>nuptiarum.</span> <span class='ocrx_word' id='word_1_79' title='bbox 1192 741 1264 782; x_wconf 91' lang='lat' dir='ltr'>sed</span> <span class='ocrx_word' id='word_1_80' title='bbox 1297 756 1390 795; x_wconf 84' lang='lat' dir='ltr'>pro-</span> 
     </span>
     <span class='ocr_line' id='line_1_13' title="bbox 49 798 1460 854; baseline 0.002 -15"><span class='ocrx_word' id='word_1_81' title='bbox 49 798 297 841; x_wconf 86' lang='lat' dir='ltr'>hibentibus</span> <span class='ocrx_word' id='word_1_82' title='bbox 323 800 481 854; x_wconf 86' lang='lat' dir='ltr'>procis,</span> <span class='ocrx_word' id='word_1_83' title='bbox 514 814 565 841; x_wconf 91' lang='lat' dir='ltr'>ne</span> <span class='ocrx_word' id='word_1_84' title='bbox 592 800 634 841; x_wconf 91' lang='lat' dir='ltr'>id</span> <span class='ocrx_word' id='word_1_85' title='bbox 661 799 861 841; x_wconf 87' lang='lat' dir='ltr'>ridiculus</span> <span class='ocrx_word' id='word_1_86' title='bbox 890 802 932 840; x_wconf 84' lang='lat' dir='ltr'>ct</span> <span class='ocrx_word' id='word_1_87' title='bbox 957 799 1177 840; x_wconf 91' lang='lat' dir='ltr'>mendicus</span> <span class='ocrx_word' id='word_1_88' title='bbox 1206 800 1391 854; x_wconf 84' lang='lat' dir='ltr'>auderet,</span> <span class='ocrx_word' id='word_1_89' title='bbox 1420 812 1460 842; x_wconf 87' lang='lat'>10</span> 
     </span>
     <span class='ocr_line' id='line_1_14' title="bbox 0 858 1391 912; baseline 0.001 -14"><span class='ocrx_word' id='word_1_90' title='bbox 0 885 4 898; x_wconf 51' lang='grc'>1</span> <span class='ocrx_word' id='word_1_91' title='bbox 49 858 161 912; x_wconf 83' lang='lat' dir='ltr'>quod</span> <span class='ocrx_word' id='word_1_92' title='bbox 190 858 349 899; x_wconf 87' lang='lat' dir='ltr'>frustra</span> <span class='ocrx_word' id='word_1_93' title='bbox 375 858 573 900; x_wconf 86' lang='lat' dir='ltr'>iuuentus</span> <span class='ocrx_word' id='word_1_94' title='bbox 600 861 691 900; x_wconf 87' lang='lat' dir='ltr'>tam</span> <span class='ocrx_word' id='word_1_95' title='bbox 718 859 852 900; x_wconf 87' lang='lat' dir='ltr'>electa</span> <span class='ocrx_word' id='word_1_96' title='bbox 878 860 1150 912; x_wconf 70' lang='lat' dir='ltr'>temptasset,</span> <span class='ocrx_word' id='word_1_97' title='bbox 1184 859 1257 899; x_wconf 88' lang='lat' dir='ltr'>dat</span> <span class='ocrx_word' id='word_1_98' title='bbox 1277 858 1391 900; x_wconf 86' lang='lat' dir='ltr'>Tele-</span> 
     </span>
     <span class='ocr_line' id='line_1_15' title="bbox 0 916 1391 972; baseline 0.001 -15"><span class='ocrx_word' id='word_1_99' title='bbox 0 917 3 953; x_wconf 61' lang='grc' dir='ltr'>ἒ</span> <span class='ocrx_word' id='word_1_100' title='bbox 49 916 225 957; x_wconf 83' lang='lat' dir='ltr'>machus</span> <span class='ocrx_word' id='word_1_101' title='bbox 258 916 377 959; x_wconf 85' lang='lat' dir='ltr'>Vlixi</span> <span class='ocrx_word' id='word_1_102' title='bbox 416 917 567 959; x_wconf 88' lang='lat' dir='ltr'>ceteris</span> <span class='ocrx_word' id='word_1_103' title='bbox 606 917 895 958; x_wconf 87' lang='lat' dir='ltr'>abnuentibus</span> <span class='ocrx_word' id='word_1_104' title='bbox 929 917 1171 971; x_wconf 86' lang='lat' dir='ltr'>experiendi</span> <span class='ocrx_word' id='word_1_105' title='bbox 1203 919 1391 972; x_wconf 88' lang='lat' dir='ltr'>potesta-</span> 
     </span>
     <span class='ocr_line' id='line_1_16' title="bbox 48 975 1392 1029; baseline 0.001 -13.931"><span class='ocrx_word' id='word_1_106' title='bbox 48 977 146 1016; x_wconf 88' lang='lat' dir='ltr'>tem.</span> <span class='ocrx_word' id='word_1_107' title='bbox 209 977 251 1016; x_wconf 88' lang='lat' dir='ltr'>et</span> <span class='ocrx_word' id='word_1_108' title='bbox 299 975 400 1017; x_wconf 86' lang='lat' dir='ltr'>hinc</span> <span class='ocrx_word' id='word_1_109' title='bbox 448 977 638 1017; x_wconf 86' lang='lat' dir='ltr'>nascitur</span> <span class='ocrx_word' id='word_1_110' title='bbox 688 975 914 1017; x_wconf 86' lang='lat' dir='ltr'>admiratio</span> <span class='ocrx_word' id='word_1_111' title='bbox 965 990 1151 1029; x_wconf 88' lang='lat' dir='ltr'>persona</span> <span class='ocrx_word' id='word_1_112' title='bbox 1207 976 1392 1029; x_wconf 84' lang='lat' dir='ltr'>uirtutis,</span> 
     </span>
     <span class='ocr_line' id='line_1_17' title="bbox 0 1033 1388 1089; baseline 0.001 -15"><span class='ocrx_word' id='word_1_113' title='bbox 0 1036 2 1086; x_wconf 74' lang='lat' dir='ltr'>j</span> <span class='ocrx_word' id='word_1_114' title='bbox 49 1033 251 1075; x_wconf 85' lang='lat' dir='ltr'>dedecore</span> <span class='ocrx_word' id='word_1_115' title='bbox 279 1049 353 1076; x_wconf 91' lang='lat' dir='ltr'>suo</span> <span class='ocrx_word' id='word_1_116' title='bbox 381 1036 531 1076; x_wconf 91' lang='lat' dir='ltr'>ceteris</span> <span class='ocrx_word' id='word_1_117' title='bbox 559 1035 925 1086; x_wconf 81' lang='lat' dir='ltr'>erubescentibus,</span> <span class='ocrx_word' id='word_1_118' title='bbox 960 1049 1140 1089; x_wconf 89' lang='lat' dir='ltr'>quorum</span> <span class='ocrx_word' id='word_1_119' title='bbox 1172 1035 1388 1089; x_wconf 78' lang='lat' dir='ltr'>ignauiam</span> 
     </span>
     <span class='ocr_line' id='line_1_18' title="bbox 0 1094 1459 1151; baseline 0.001 -19"><span class='ocrx_word' id='word_1_120' title='bbox 0 1116 1 1151; x_wconf 65' lang='lat'>3</span> <span class='ocrx_word' id='word_1_121' title='bbox 48 1107 176 1133; x_wconf 85' lang='lat' dir='ltr'>senex</span> <span class='ocrx_word' id='word_1_122' title='bbox 209 1095 251 1134; x_wconf 90' lang='lat' dir='ltr'>et</span> <span class='ocrx_word' id='word_1_123' title='bbox 283 1094 500 1135; x_wconf 84' lang='lat' dir='ltr'>mendicus</span> <span class='ocrx_word' id='word_1_124' title='bbox 534 1094 735 1147; x_wconf 78' lang='lat' dir='ltr'>arguerit.</span> <span class='ocrx_word' id='word_1_125' title='bbox 1421 1105 1459 1134; x_wconf 87' lang='lat'>15</span> 
     </span>
    </p>
   </div>
   <div class='ocr_carea' id='block_1_5' title="bbox 660 1232 770 1267">
    <p class='ocr_par' dir='ltr' id='par_1_6' title="bbox 660 1232 770 1267">
     <span class='ocr_line' id='line_1_19' title="bbox 660 1232 770 1267; baseline 0 -1"><span class='ocrx_word' id='word_1_126' title='bbox 660 1232 770 1267; x_wconf 83' lang='lat' dir='ltr'>XXII.</span> 
     </span>
    </p>
   </div>
   <div class='ocr_carea' id='block_1_6' title="bbox 188 1298 1247 1392">
    <p class='ocr_par' dir='ltr' id='par_1_7' title="bbox 188 1298 1247 1392">
     <span class='ocr_line' id='line_1_20' title="bbox 188 1298 1247 1349; baseline 0.002 -14"><span class='ocrx_word' id='word_1_127' title='bbox 188 1298 341 1348; x_wconf 75' lang='grc' dir='ltr'>(Αὐτὰρ</span> <span class='ocrx_word' id='word_1_128' title='bbox 369 1299 387 1336; x_wconf 87' lang='grc' dir='ltr'><strong>ὁ</strong></span> <span class='ocrx_word' id='word_1_129' title='bbox 415 1301 598 1347; x_wconf 80' lang='grc' dir='ltr'>γυμνώθη</span> <span class='ocrx_word' id='word_1_130' title='bbox 626 1301 772 1347; x_wconf 74' lang='grc' dir='ltr'><strong><em>ῥακέων</em></strong></span> <span class='ocrx_word' id='word_1_131' title='bbox 798 1300 1000 1346; x_wconf 82' lang='grc' dir='ltr'><em>πολύμητις</em></span> <span class='ocrx_word' id='word_1_132' title='bbox 1023 1299 1247 1349; x_wconf 76' lang='grc' dir='ltr'>Οδυσσεύς)</span> 
     </span>
     <span class='ocr_line' id='line_1_21' title="bbox 189 1348 1093 1392; baseline 0 -9"><span class='ocrx_word' id='word_1_133' title='bbox 189 1348 408 1392; x_wconf 83' lang='lat' dir='ltr'>Squalentes</span> <span class='ocrx_word' id='word_1_134' title='bbox 434 1349 599 1384; x_wconf 77' lang='lat' dir='ltr'>humeiis</span> <span class='ocrx_word' id='word_1_135' title='bbox 625 1349 773 1384; x_wconf 85' lang='lat' dir='ltr'>habitus</span> <span class='ocrx_word' id='word_1_136' title='bbox 800 1349 931 1383; x_wconf 84' lang='lat' dir='ltr'>reiecit</span> <span class='ocrx_word' id='word_1_137' title='bbox 958 1349 1093 1384; x_wconf 79' lang='lat' dir='ltr'>Vlixes.</span> 
     </span>
    </p>
   </div>
   <div class='ocr_carea' id='block_1_7' title="bbox 43 1432 1456 1988">
    <p class='ocr_par' dir='ltr' id='par_1_8' title="bbox 43 1432 1456 1955">
     <span class='ocr_line' id='line_1_22' title="bbox 135 1432 1387 1487; baseline 0.002 -15"><span class='ocrx_word' id='word_1_138' title='bbox 135 1432 280 1474; x_wconf 82' lang='lat' dir='ltr'>Vlixes</span> <span class='ocrx_word' id='word_1_139' title='bbox 307 1433 400 1474; x_wconf 89' lang='lat' dir='ltr'>loco</span> <span class='ocrx_word' id='word_1_140' title='bbox 427 1434 628 1475; x_wconf 84' lang='lat' dir='ltr'>ulteriore</span> <span class='ocrx_word' id='word_1_141' title='bbox 651 1437 775 1487; x_wconf 87' lang='lat' dir='ltr'>capto</span> <span class='ocrx_word' id='word_1_142' title='bbox 796 1433 980 1474; x_wconf 89' lang='lat' dir='ltr'>intendit</span> <span class='ocrx_word' id='word_1_143' title='bbox 1007 1448 1150 1474; x_wconf 80' lang='lat' dir='ltr'>arcum</span> <span class='ocrx_word' id='word_1_144' title='bbox 1173 1434 1387 1475; x_wconf 89' lang='lat' dir='ltr'>omnibus-</span> 
     </span>
     <span class='ocr_line' id='line_1_23' title="bbox 46 1491 1388 1546; baseline 0.001 -14"><span class='ocrx_word' id='word_1_145' title='bbox 46 1506 126 1545; x_wconf 86' lang='lat' dir='ltr'>que</span> <span class='ocrx_word' id='word_1_146' title='bbox 158 1491 320 1532; x_wconf 83' lang='lat' dir='ltr'>foribus</span> <span class='ocrx_word' id='word_1_147' title='bbox 354 1492 555 1542; x_wconf 88' lang='lat' dir='ltr'>occlusis,</span> <span class='ocrx_word' id='word_1_148' title='bbox 588 1507 641 1533; x_wconf 87' lang='lat' dir='ltr'>ne</span> <span class='ocrx_word' id='word_1_149' title='bbox 668 1507 751 1546; x_wconf 90' lang='lat' dir='ltr'>qua</span> <span class='ocrx_word' id='word_1_150' title='bbox 777 1494 944 1545; x_wconf 79' lang='lat' dir='ltr'>pateiet</span> <span class='ocrx_word' id='word_1_151' title='bbox 977 1492 1198 1546; x_wconf 83' lang='lat' dir='ltr'>effugium,</span> <span class='ocrx_word' id='word_1_152' title='bbox 1229 1492 1388 1546; x_wconf 89' lang='lat' dir='ltr'>pleros-</span> 
     </span>
     <span class='ocr_line' id='line_1_24' title="bbox 47 1549 1434 1616; baseline 0.001 -26"><span class='ocrx_word' id='word_1_153' title='bbox 47 1564 126 1604; x_wconf 86' lang='lat' dir='ltr'>que</span> <span class='ocrx_word' id='word_1_154' title='bbox 159 1549 260 1591; x_wconf 88' lang='lat' dir='ltr'>uino</span> <span class='ocrx_word' id='word_1_155' title='bbox 295 1550 459 1592; x_wconf 86' lang='lat' dir='ltr'>saucios</span> <span class='ocrx_word' id='word_1_156' title='bbox 494 1553 569 1591; x_wconf 89' lang='lat' dir='ltr'>aut</span> <span class='ocrx_word' id='word_1_157' title='bbox 599 1552 790 1592; x_wconf 86' lang='lat' dir='ltr'>nouitate</span> <span class='ocrx_word' id='word_1_158' title='bbox 828 1550 890 1591; x_wconf 85' lang='lat' dir='ltr'>rei</span> <span class='ocrx_word' id='word_1_159' title='bbox 928 1550 1123 1604; x_wconf 85' lang='lat' dir='ltr'>stupidos</span> <span class='ocrx_word' id='word_1_160' title='bbox 1164 1553 1237 1591; x_wconf 86' lang='lat' dir='ltr'>aut</span> <span class='ocrx_word' id='word_1_161' title='bbox 1270 1551 1387 1616; x_wconf 82' lang='lat' dir='ltr'>quid-</span> <span class='ocrx_word' id='word_1_162' title='bbox 1415 1562 1434 1591; x_wconf 87' lang='lat'>5</span> 
     </span>
     <span class='ocr_line' id='line_1_25' title="bbox 45 1608 1388 1662; baseline 0.001 -13"><span class='ocrx_word' id='word_1_163' title='bbox 45 1608 154 1649; x_wconf 88' lang='lat' dir='ltr'>libet</span> <span class='ocrx_word' id='word_1_164' title='bbox 186 1608 302 1649; x_wconf 88' lang='lat' dir='ltr'>aliud</span> <span class='ocrx_word' id='word_1_165' title='bbox 334 1609 588 1650; x_wconf 86' lang='lat' dir='ltr'>meditantes</span> <span class='ocrx_word' id='word_1_166' title='bbox 616 1609 797 1650; x_wconf 88' lang='lat' dir='ltr'>conficit.</span> <span class='ocrx_word' id='word_1_167' title='bbox 850 1623 943 1649; x_wconf 88' lang='lat' dir='ltr'>cum</span> <span class='ocrx_word' id='word_1_168' title='bbox 976 1609 1161 1662; x_wconf 85' lang='lat' dir='ltr'>primum</span> <span class='ocrx_word' id='word_1_169' title='bbox 1196 1610 1388 1650; x_wconf 90' lang='lat' dir='ltr'>omnium</span> 
     </span>
     <span class='ocr_line' id='line_1_26' title="bbox 44 1667 1386 1722; baseline 0.001 -14.02"><span class='ocrx_word' id='word_1_170' title='bbox 44 1667 289 1709; x_wconf 85' lang='lat' dir='ltr'>confixisset</span> <span class='ocrx_word' id='word_1_171' title='bbox 308 1667 559 1721; x_wconf 88' lang='lat' dir='ltr'>Antinoum,</span> <span class='ocrx_word' id='word_1_172' title='bbox 587 1668 659 1722; x_wconf 88' lang='lat' dir='ltr'>qui</span> <span class='ocrx_word' id='word_1_173' title='bbox 687 1667 863 1708; x_wconf 82' lang='lat' dir='ltr'>audacia</span> <span class='ocrx_word' id='word_1_174' title='bbox 890 1671 932 1708; x_wconf 91' lang='lat' dir='ltr'>et</span> <span class='ocrx_word' id='word_1_175' title='bbox 958 1668 1199 1720; x_wconf 84' lang='lat' dir='ltr'>petulantia</span> <span class='ocrx_word' id='word_1_176' title='bbox 1223 1670 1336 1708; x_wconf 82' lang='lat' dir='ltr'>cetei</span> <span class='ocrx_word' id='word_1_177' title='bbox 1341 1683 1386 1709; x_wconf 91' lang='lat' dir='ltr'>os</span> 
     </span>
     <span class='ocr_line' id='line_1_27' title="bbox 46 1701 1386 1780; baseline 0.001 -14"><span class='ocrx_word' id='word_1_178' title='bbox 46 1728 339 1780; x_wconf 87' lang='lat' dir='ltr'>superauerat,</span> <span class='ocrx_word' id='word_1_179' title='bbox 383 1701 598 1767; x_wconf 76' lang='lat' dir='ltr'>Eumaeiis</span> <span class='ocrx_word' id='word_1_180' title='bbox 650 1729 691 1767; x_wconf 85' lang='lat' dir='ltr'>et</span> <span class='ocrx_word' id='word_1_181' title='bbox 735 1725 1015 1766; x_wconf 87' lang='lat' dir='ltr'>Telemachus</span> <span class='ocrx_word' id='word_1_182' title='bbox 1063 1729 1104 1767; x_wconf 88' lang='lat' dir='ltr'>et</span> <span class='ocrx_word' id='word_1_183' title='bbox 1148 1726 1386 1768; x_wconf 89' lang='lat' dir='ltr'>Philoetius</span> 
     </span>
     <span class='ocr_line' id='line_1_28' title="bbox 44 1784 1387 1850; baseline 0.001 -25"><span class='ocrx_word' id='word_1_184' title='bbox 44 1785 226 1838; x_wconf 88' lang='lat' dir='ltr'>sumptis</span> <span class='ocrx_word' id='word_1_185' title='bbox 266 1787 308 1825; x_wconf 89' lang='lat' dir='ltr'>et</span> <span class='ocrx_word' id='word_1_186' title='bbox 344 1784 429 1850; x_wconf 85' lang='lat' dir='ltr'>ipsi</span> <span class='ocrx_word' id='word_1_187' title='bbox 467 1786 597 1826; x_wconf 85' lang='lat' dir='ltr'>armis</span> <span class='ocrx_word' id='word_1_188' title='bbox 637 1785 809 1839; x_wconf 82' lang='lat' dir='ltr'>egregia</span> <span class='ocrx_word' id='word_1_189' title='bbox 845 1785 890 1824; x_wconf 91' lang='lat' dir='ltr'>in</span> <span class='ocrx_word' id='word_1_190' title='bbox 929 1787 1227 1826; x_wconf 81' lang='lat' dir='ltr'>consternatos</span> <span class='ocrx_word' id='word_1_191' title='bbox 1261 1785 1387 1826; x_wconf 88' lang='lat' dir='ltr'>caede</span> 
     </span>
     <span class='ocr_line' id='line_1_29' title="bbox 44 1843 1456 1898; baseline -0.001 -13.999"><span class='ocrx_word' id='word_1_192' title='bbox 44 1845 307 1897; x_wconf 60' lang='lat' dir='ltr'>grxassantm</span> <span class='ocrx_word' id='word_1_193' title='bbox 359 1843 528 1898; x_wconf 88' lang='lat' dir='ltr'>iamque</span> <span class='ocrx_word' id='word_1_194' title='bbox 562 1843 761 1884; x_wconf 86' lang='lat' dir='ltr'>omnibus</span> <span class='ocrx_word' id='word_1_195' title='bbox 795 1843 1061 1896; x_wconf 85' lang='lat' dir='ltr'>interemptis</span> <span class='ocrx_word' id='word_1_196' title='bbox 1095 1843 1257 1884; x_wconf 89' lang='lat' dir='ltr'>duobus</span> <span class='ocrx_word' id='word_1_197' title='bbox 1291 1846 1385 1884; x_wconf 86' lang='lat' dir='ltr'>tan-</span> <span class='ocrx_word' id='word_1_198' title='bbox 1416 1853 1456 1883; x_wconf 81' lang='lat'>10</span> 
     </span>
     <span class='ocr_line' id='line_1_30' title="bbox 43 1901 1386 1988; baseline 0 -45"><span class='ocrx_word' id='word_1_199' title='bbox 43 1902 262 1943; x_wconf 81' lang='lat' dir='ltr'>tummodo</span> <span class='ocrx_word' id='word_1_200' title='bbox 293 1902 503 1988; x_wconf 80' lang='lat' dir='ltr'>paicitur:</span> <span class='ocrx_word' id='word_1_201' title='bbox 545 1902 721 1943; x_wconf 83' lang='lat' dir='ltr'>Phemio</span> <span class='ocrx_word' id='word_1_202' title='bbox 755 1901 1017 1955; x_wconf 84' lang='lat' dir='ltr'>citharoedo,</span> <span class='ocrx_word' id='word_1_203' title='bbox 1056 1902 1128 1955; x_wconf 90' lang='lat' dir='ltr'>qui</span> <span class='ocrx_word' id='word_1_204' title='bbox 1159 1902 1386 1943; x_wconf 81' lang='lat' dir='ltr'>ministeiii</span> 
     </span>
    </p>
   </div>
   <div class='ocr_carea' id='block_1_8' title="bbox 94 1985 208 1989">
    <p class='ocr_par' dir='ltr' id='par_1_9' title="bbox 94 1985 208 1989">
     <span class='ocr_line' id='line_1_31' title="bbox 94 1985 208 1989; baseline 0 0"><span class='ocrx_word' id='word_1_205' title='bbox 94 1985 208 1989; x_wconf 95' lang='lat' dir='ltr'> </span> 
     </span>
    </p>
   </div>
   <div class='ocr_carea' id='block_1_9' title="bbox 42 2025 1390 2366">
    <p class='ocr_par' dir='ltr' id='par_1_10' title="bbox 42 2025 1390 2366">
     <span class='ocr_line' id='line_1_32' title="bbox 137 2025 1387 2073; baseline 0 -11"><span class='ocrx_word' id='word_1_206' title='bbox 137 2028 222 2062; x_wconf 85' lang='lat' dir='ltr'>XXI</span> <span class='ocrx_word' id='word_1_207' title='bbox 250 2032 266 2062; x_wconf 92' lang='lat'>1</span> <span class='ocrx_word' id='word_1_208' title='bbox 290 2028 414 2073; x_wconf 75' lang='grc' dir='ltr'><strong>φρεσὶ]</strong></span> <span class='ocrx_word' id='word_1_209' title='bbox 443 2037 525 2071; x_wconf 63' lang='grc' dir='ltr'>41)εο</span> <span class='ocrx_word' id='word_1_210' title='bbox 545 2029 602 2070; x_wconf 74' lang='lat' dir='ltr'>Pi</span> <span class='ocrx_word' id='word_1_211' title='bbox 625 2025 717 2072; x_wconf 79' lang='grc' dir='ltr'>θεὰ]</span> <span class='ocrx_word' id='word_1_212' title='bbox 745 2039 804 2062; x_wconf 71' lang='lat' dir='ltr'>eea</span> <span class='ocrx_word' id='word_1_213' title='bbox 823 2029 860 2063; x_wconf 91' lang='lat' dir='ltr'><strong><em>P</em></strong></span> <span class='ocrx_word' id='word_1_214' title='bbox 929 2032 948 2061; x_wconf 91' lang='lat'><strong>3</strong></span> <span class='ocrx_word' id='word_1_215' title='bbox 976 2026 1134 2072; x_wconf 87' lang='lat' dir='ltr'>philotio</span> <span class='ocrx_word' id='word_1_216' title='bbox 1156 2028 1192 2061; x_wconf 89' lang='lat' dir='ltr'><em>P</em></span> <span class='ocrx_word' id='word_1_217' title='bbox 1261 2032 1282 2061; x_wconf 81' lang='lat'>4</span> <span class='ocrx_word' id='word_1_218' title='bbox 1303 2039 1387 2062; x_wconf 86' lang='lat' dir='ltr'>con</span> 
     </span>
     <span class='ocr_line' id='line_1_33' title="bbox 43 2073 1390 2120; baseline 0 -11"><span class='ocrx_word' id='word_1_219' title='bbox 43 2076 134 2110; x_wconf 86' lang='lat' dir='ltr'>fixus</span> <span class='ocrx_word' id='word_1_220' title='bbox 153 2076 188 2109; x_wconf 88' lang='lat' dir='ltr'><strong><em>P</em></strong></span> <span class='ocrx_word' id='word_1_221' title='bbox 260 2078 280 2109; x_wconf 79' lang='grc' dir='ltr'>ὃ</span> <span class='ocrx_word' id='word_1_222' title='bbox 306 2087 372 2119; x_wconf 87' lang='lat' dir='ltr'>pro</span> <span class='ocrx_word' id='word_1_223' title='bbox 398 2075 581 2120; x_wconf 83' lang='lat' dir='ltr'>tempore]</span> <span class='ocrx_word' id='word_1_224' title='bbox 611 2076 687 2111; x_wconf 74' lang='lat' dir='ltr'>Pet</span> <span class='ocrx_word' id='word_1_225' title='bbox 703 2075 869 2120; x_wconf 68' lang='lat' dir='ltr'>quletus</span> <span class='ocrx_word' id='word_1_226' title='bbox 943 2079 962 2108; x_wconf 88' lang='grc'><strong>9</strong></span> <span class='ocrx_word' id='word_1_227' title='bbox 988 2073 1104 2118; x_wconf 86' lang='lat' dir='ltr'>ipsius</span> <span class='ocrx_word' id='word_1_228' title='bbox 1127 2074 1258 2118; x_wconf 74' lang='lat' dir='ltr'>Peiper</span> <span class='ocrx_word' id='word_1_229' title='bbox 1283 2075 1338 2109; x_wconf 86' lang='lat' dir='ltr'>ius</span> <span class='ocrx_word' id='word_1_230' title='bbox 1354 2076 1390 2109; x_wconf 87' lang='lat' dir='ltr'><strong><em>P</em></strong></span> 
     </span>
     <span class='ocr_line' id='line_1_34' title="bbox 92 2121 1384 2166; baseline 0 -10"><span class='ocrx_word' id='word_1_231' title='bbox 92 2127 133 2156; x_wconf 83' lang='lat'>11</span> <span class='ocrx_word' id='word_1_232' title='bbox 160 2124 238 2156; x_wconf 89' lang='lat' dir='ltr'>tam</span> <span class='ocrx_word' id='word_1_233' title='bbox 264 2122 361 2156; x_wconf 83' lang='lat' dir='ltr'>lecta</span> <span class='ocrx_word' id='word_1_234' title='bbox 391 2121 557 2166; x_wconf 65' lang='lat' dir='ltr'>Vyolctus</span> <span class='ocrx_word' id='word_1_235' title='bbox 585 2125 589 2166; x_wconf 75' lang='grc' dir='ltr'>Ι</span> <span class='ocrx_word' id='word_1_236' title='bbox 620 2122 849 2157; x_wconf 83' lang='lat' dir='ltr'>thelamacus</span> <span class='ocrx_word' id='word_1_237' title='bbox 879 2123 914 2155; x_wconf 88' lang='lat' dir='ltr'><em>P</em></span> <span class='ocrx_word' id='word_1_238' title='bbox 1011 2125 1053 2155; x_wconf 88' lang='grc'>13</span> <span class='ocrx_word' id='word_1_239' title='bbox 1079 2133 1238 2166; x_wconf 82' lang='lat' dir='ltr'>persona</span> <span class='ocrx_word' id='word_1_240' title='bbox 1264 2122 1300 2155; x_wconf 87' lang='lat' dir='ltr'><strong><em>P</em></strong></span> <span class='ocrx_word' id='word_1_241' title='bbox 1322 2124 1384 2166; x_wconf 77' lang='lat' dir='ltr'>(cm</span> 
     </span>
     <span class='ocr_line' id='line_1_35' title="bbox 42 2169 645 2214; baseline 0.002 -11"><span class='ocrx_word' id='word_1_242' title='bbox 42 2170 240 2213; x_wconf 85' lang='lat' dir='ltr'>personata</span> <span class='ocrx_word' id='word_1_243' title='bbox 251 2171 300 2213; x_wconf 68' lang='lat'>22),</span> <span class='ocrx_word' id='word_1_244' title='bbox 325 2169 446 2213; x_wconf 83' lang='lat' dir='ltr'>prima</span> <span class='ocrx_word' id='word_1_245' title='bbox 479 2169 645 2214; x_wconf 72' lang='lat' dir='ltr'>Vyoletus</span> 
     </span>
     <span class='ocr_line' id='line_1_36' title="bbox 136 2226 1313 2262; baseline 0 -1"><span class='ocrx_word' id='word_1_246' title='bbox 136 2226 239 2261; x_wconf 84' lang='lat' dir='ltr'>XXII</span> <span class='ocrx_word' id='word_1_247' title='bbox 274 2231 291 2261; x_wconf 81' lang='lat'>1</span> <span class='ocrx_word' id='word_1_248' title='bbox 319 2238 384 2262; x_wconf 83' lang='lat' dir='ltr'>om.</span> <span class='ocrx_word' id='word_1_249' title='bbox 410 2227 447 2261; x_wconf 93' lang='lat' dir='ltr'><strong><em>P</em></strong></span> <span class='ocrx_word' id='word_1_250' title='bbox 540 2231 562 2262; x_wconf 78' lang='lat'>4</span> <span class='ocrx_word' id='word_1_251' title='bbox 594 2227 751 2262; x_wconf 84' lang='lat' dir='ltr'>exclusis</span> <span class='ocrx_word' id='word_1_252' title='bbox 778 2228 814 2262; x_wconf 91' lang='lat' dir='ltr'><strong><em>P</em></strong></span> <span class='ocrx_word' id='word_1_253' title='bbox 908 2232 928 2262; x_wconf 88' lang='grc'><strong>9</strong></span> <span class='ocrx_word' id='word_1_254' title='bbox 956 2227 1234 2262; x_wconf 82' lang='lat' dir='ltr'>consternantes</span> <span class='ocrx_word' id='word_1_255' title='bbox 1262 2228 1313 2261; x_wconf 78' lang='lat' dir='ltr'>PS</span> 
     </span>
     <span class='ocr_line' id='line_1_37' title="bbox 44 2270 945 2319; baseline 0.001 -12"><span class='ocrx_word' id='word_1_256' title='bbox 44 2278 86 2308; x_wconf 93' lang='grc'>10</span> <span class='ocrx_word' id='word_1_257' title='bbox 112 2270 285 2319; x_wconf 62' lang='grc' dir='ltr'>ἐεεῆῃὶηη·</span> <span class='ocrx_word' id='word_1_258' title='bbox 311 2275 347 2308; x_wconf 89' lang='lat' dir='ltr'><strong><em>P</em></strong></span> <span class='ocrx_word' id='word_1_259' title='bbox 436 2278 476 2308; x_wconf 89' lang='lat'>11</span> <span class='ocrx_word' id='word_1_260' title='bbox 503 2274 676 2319; x_wconf 85' lang='lat' dir='ltr'>phoemio</span> <span class='ocrx_word' id='word_1_261' title='bbox 704 2274 879 2319; x_wconf 81' lang='lat' dir='ltr'>cythardo</span> <span class='ocrx_word' id='word_1_262' title='bbox 909 2275 945 2308; x_wconf 90' lang='lat' dir='ltr'><strong><em>P</em></strong></span> 
     </span>
     <span class='ocr_line' id='line_1_38' title="bbox 1100 2336 1169 2366; baseline -0.043 0"><span class='ocrx_word' id='word_1_263' title='bbox 1100 2336 1169 2366; x_wconf 60' lang='lat'>:³6⁴²</span> 
     </span>
    </p>
   </div>
  </div>
 </body>
</html>
