<?xml version="1.0" encoding="UTF-8"?>
<!DOCTYPE html PUBLIC "-//W3C//DTD XHTML 1.0 Transitional//EN"
    "http://www.w3.org/TR/xhtml1/DTD/xhtml1-transitional.dtd">
<html xmlns="http://www.w3.org/1999/xhtml" xml:lang="en" lang="en">
 <head>
  <title>
</title>
<meta http-equiv="Content-Type" content="text/html;charset=utf-8" />
  <meta name='ocr-system' content='tesseract 3.04.00' />
  <meta name='ocr-capabilities' content='ocr_page ocr_carea ocr_par ocr_line ocrx_word'/>
</head>
<body>
  <div class='ocr_page' id='page_1' title='image "./opuscula00ausouoft_0401.png"; bbox 0 0 1563 2511; ppageno 0'>
   <div class='ocr_carea' id='block_1_1' title="bbox 673 65 986 107">
    <p class='ocr_par' dir='ltr' id='par_1_1' title="bbox 673 65 986 107">
     <span class='ocr_line' id='line_1_1' title="bbox 673 65 986 107; baseline 0 -1"><span class='ocrx_word' id='word_1_1' title='bbox 673 65 986 107; x_wconf 77' lang='lat'>—267—</span> 
     </span>
    </p>
   </div>
   <div class='ocr_carea' id='block_1_2' title="bbox 136 169 1555 576">
    <p class='ocr_par' dir='ltr' id='par_1_2' title="bbox 136 169 1555 576">
     <span class='ocr_line' id='line_1_2' title="bbox 138 169 1485 226; baseline 0.001 -15"><span class='ocrx_word' id='word_1_2' title='bbox 138 184 232 211; x_wconf 86' lang='lat' dir='ltr'>cum</span> <span class='ocrx_word' id='word_1_3' title='bbox 277 169 468 210; x_wconf 89' lang='lat' dir='ltr'>redditae</span> <span class='ocrx_word' id='word_1_4' title='bbox 514 172 614 211; x_wconf 88' lang='lat' dir='ltr'>sunt</span> <span class='ocrx_word' id='word_1_5' title='bbox 659 169 767 210; x_wconf 90' lang='lat' dir='ltr'>mihi</span> <span class='ocrx_word' id='word_1_6' title='bbox 812 170 981 212; x_wconf 89' lang='lat' dir='ltr'>litterae</span> <span class='ocrx_word' id='word_1_7' title='bbox 1021 174 1119 212; x_wconf 87' lang='lat' dir='ltr'>tuae</span> <span class='ocrx_word' id='word_1_8' title='bbox 1162 171 1318 226; x_wconf 90' lang='lat' dir='ltr'>oppido</span> <span class='ocrx_word' id='word_1_9' title='bbox 1358 186 1485 226; x_wconf 87' lang='lat' dir='ltr'>quam</span> 
     </span>
     <span class='ocr_line' id='line_1_3' title="bbox 137 227 1555 283; baseline 0.003 -15"><span class='ocrx_word' id='word_1_10' title='bbox 137 228 365 270; x_wconf 70' lang='lat' dir='ltr'>litteratae.</span> <span class='ocrx_word' id='word_1_11' title='bbox 415 228 483 269; x_wconf 89' lang='lat' dir='ltr'>his</span> <span class='ocrx_word' id='word_1_12' title='bbox 510 228 639 282; x_wconf 90' lang='lat' dir='ltr'>longe</span> <span class='ocrx_word' id='word_1_13' title='bbox 665 227 1017 271; x_wconf 88' lang='lat' dir='ltr'>iucundissimum</span> <span class='ocrx_word' id='word_1_14' title='bbox 1042 244 1197 283; x_wconf 87' lang='lat' dir='ltr'>poema</span> <span class='ocrx_word' id='word_1_15' title='bbox 1224 230 1486 283; x_wconf 77' lang='lat' dir='ltr'>subdideras,</span> <span class='ocrx_word' id='word_1_16' title='bbox 1514 242 1555 272; x_wconf 83' lang='lat'>15</span> 
     </span>
     <span class='ocr_line' id='line_1_4' title="bbox 138 285 1485 343; baseline 0.002 -16"><span class='ocrx_word' id='word_1_17' title='bbox 138 287 251 341; x_wconf 91' lang='lat' dir='ltr'>quod</span> <span class='ocrx_word' id='word_1_18' title='bbox 290 287 340 327; x_wconf 92' lang='lat' dir='ltr'>de</span> <span class='ocrx_word' id='word_1_19' title='bbox 378 286 517 327; x_wconf 90' lang='lat' dir='ltr'>tribus</span> <span class='ocrx_word' id='word_1_20' title='bbox 551 285 745 327; x_wconf 81' lang='lat' dir='ltr'>Suetonii</span> <span class='ocrx_word' id='word_1_21' title='bbox 783 286 925 340; x_wconf 87' lang='lat' dir='ltr'>libris,</span> <span class='ocrx_word' id='word_1_22' title='bbox 965 302 1070 341; x_wconf 91' lang='lat' dir='ltr'>quos</span> <span class='ocrx_word' id='word_1_23' title='bbox 1110 288 1183 329; x_wconf 89' lang='lat' dir='ltr'>ille</span> <span class='ocrx_word' id='word_1_24' title='bbox 1224 289 1274 329; x_wconf 87' lang='lat' dir='ltr'>de</span> <span class='ocrx_word' id='word_1_25' title='bbox 1311 289 1485 343; x_wconf 88' lang='lat' dir='ltr'>regibus</span> 
     </span>
     <span class='ocr_line' id='line_1_5' title="bbox 138 345 1486 401; baseline 0.001 -15"><span class='ocrx_word' id='word_1_26' title='bbox 138 345 271 399; x_wconf 84' lang='lat' dir='ltr'>dedit,</span> <span class='ocrx_word' id='word_1_27' title='bbox 309 345 354 386; x_wconf 90' lang='lat' dir='ltr'>in</span> <span class='ocrx_word' id='word_1_28' title='bbox 393 345 611 399; x_wconf 87' lang='lat' dir='ltr'>epitomen</span> <span class='ocrx_word' id='word_1_29' title='bbox 650 345 829 399; x_wconf 83' lang='lat' dir='ltr'>coegisti</span> <span class='ocrx_word' id='word_1_30' title='bbox 860 347 984 386; x_wconf 86' lang='lat' dir='ltr'>tanta</span> <span class='ocrx_word' id='word_1_31' title='bbox 1017 347 1246 401; x_wconf 80' lang='lat' dir='ltr'>elegantia,</span> <span class='ocrx_word' id='word_1_32' title='bbox 1289 348 1406 388; x_wconf 90' lang='lat' dir='ltr'>solus</span> <span class='ocrx_word' id='word_1_33' title='bbox 1438 350 1486 388; x_wconf 89' lang='lat' dir='ltr'>ut</span> 
     </span>
     <span class='ocr_line' id='line_1_6' title="bbox 137 403 1486 458; baseline 0.002 -14"><span class='ocrx_word' id='word_1_34' title='bbox 137 404 242 445; x_wconf 90' lang='lat' dir='ltr'>mihi</span> <span class='ocrx_word' id='word_1_35' title='bbox 272 404 443 445; x_wconf 87' lang='lat' dir='ltr'>uideare</span> <span class='ocrx_word' id='word_1_36' title='bbox 483 403 727 457; x_wconf 82' lang='lat' dir='ltr'>adsecutuS,</span> <span class='ocrx_word' id='word_1_37' title='bbox 766 404 879 458; x_wconf 89' lang='lat' dir='ltr'>quod</span> <span class='ocrx_word' id='word_1_38' title='bbox 918 407 1068 445; x_wconf 89' lang='lat' dir='ltr'>contra</span> <span class='ocrx_word' id='word_1_39' title='bbox 1106 420 1248 446; x_wconf 88' lang='lat' dir='ltr'>rerum</span> <span class='ocrx_word' id='word_1_40' title='bbox 1285 408 1486 447; x_wconf 88' lang='lat' dir='ltr'>naturam</span> 
     </span>
     <span class='ocr_line' id='line_1_7' title="bbox 136 462 1485 517; baseline 0.001 -13"><span class='ocrx_word' id='word_1_41' title='bbox 136 466 221 517; x_wconf 90' lang='lat' dir='ltr'>est,</span> <span class='ocrx_word' id='word_1_42' title='bbox 264 463 455 504; x_wconf 88' lang='lat' dir='ltr'>breuitas</span> <span class='ocrx_word' id='word_1_43' title='bbox 494 464 542 503; x_wconf 88' lang='lat' dir='ltr'>ut</span> <span class='ocrx_word' id='word_1_44' title='bbox 579 462 761 503; x_wconf 86' lang='lat' dir='ltr'>obscura</span> <span class='ocrx_word' id='word_1_45' title='bbox 798 476 886 504; x_wconf 90' lang='lat' dir='ltr'>non</span> <span class='ocrx_word' id='word_1_46' title='bbox 925 465 1047 504; x_wconf 88' lang='lat' dir='ltr'>esset.</span> <span class='ocrx_word' id='word_1_47' title='bbox 1103 464 1148 504; x_wconf 91' lang='lat' dir='ltr'>in</span> <span class='ocrx_word' id='word_1_48' title='bbox 1185 463 1251 504; x_wconf 89' lang='lat' dir='ltr'>his</span> <span class='ocrx_word' id='word_1_49' title='bbox 1290 464 1485 505; x_wconf 88' lang='lat' dir='ltr'>uersibus</span> 
     </span>
     <span class='ocr_line' id='line_1_8' title="bbox 137 520 1555 576; baseline 0.001 -14"><span class='ocrx_word' id='word_1_50' title='bbox 137 535 216 576; x_wconf 92' lang='lat' dir='ltr'>ego</span> <span class='ocrx_word' id='word_1_51' title='bbox 249 522 334 563; x_wconf 85' lang='lat' dir='ltr'>ista</span> <span class='ocrx_word' id='word_1_52' title='bbox 367 520 540 575; x_wconf 81' lang='lat' dir='ltr'>collegi:</span> <span class='ocrx_word' id='word_1_53' title='bbox 1512 533 1555 564; x_wconf 80' lang='grc'>20</span> 
     </span>
    </p>
   </div>
   <div class='ocr_carea' id='block_1_3' title="bbox 133 601 1555 1128">
    <p class='ocr_par' dir='ltr' id='par_1_3' title="bbox 134 601 1331 775">
     <span class='ocr_line' id='line_1_9' title="bbox 135 601 1319 657; baseline 0.001 -13"><span class='ocrx_word' id='word_1_54' title='bbox 135 604 438 657; x_wconf 85' lang='lat' dir='ltr'>Europamque</span> <span class='ocrx_word' id='word_1_55' title='bbox 471 601 708 657; x_wconf 85' lang='lat' dir='ltr'>Asiamque</span> <span class='ocrx_word' id='word_1_56' title='bbox 742 603 825 645; x_wconf 92' lang='lat' dir='ltr'>duo</span> <span class='ocrx_word' id='word_1_57' title='bbox 857 603 926 644; x_wconf 89' lang='lat' dir='ltr'>uel</span> <span class='ocrx_word' id='word_1_58' title='bbox 957 603 1146 645; x_wconf 85' lang='lat' dir='ltr'>maxima</span> <span class='ocrx_word' id='word_1_59' title='bbox 1178 607 1319 645; x_wconf 88' lang='lat' dir='ltr'>terrae</span> 
     </span>
     <span class='ocr_line' id='line_1_10' title="bbox 134 660 1331 716; baseline 0.001 -13"><span class='ocrx_word' id='word_1_60' title='bbox 134 662 348 716; x_wconf 88' lang='lat' dir='ltr'>Membra,</span> <span class='ocrx_word' id='word_1_61' title='bbox 382 661 538 715; x_wconf 87' lang='lat' dir='ltr'>quibus</span> <span class='ocrx_word' id='word_1_62' title='bbox 570 660 754 716; x_wconf 82' lang='lat' dir='ltr'>Libyam</span> <span class='ocrx_word' id='word_1_63' title='bbox 788 661 914 703; x_wconf 88' lang='lat' dir='ltr'>dubie</span> <span class='ocrx_word' id='word_1_64' title='bbox 949 660 1178 704; x_wconf 80' lang='lat' dir='ltr'>Sallustius</span> <span class='ocrx_word' id='word_1_65' title='bbox 1212 662 1331 704; x_wconf 84' lang='lat' dir='ltr'>addit</span> 
     </span>
     <span class='ocr_line' id='line_1_11' title="bbox 134 719 1230 775; baseline -0.001 -12"><span class='ocrx_word' id='word_1_66' title='bbox 134 721 334 775; x_wconf 85' lang='lat' dir='ltr'>Europae</span> <span class='ocrx_word' id='word_1_67' title='bbox 368 719 632 771; x_wconf 84' lang='lat' dir='ltr'>adiunctam,</span> <span class='ocrx_word' id='word_1_68' title='bbox 664 720 805 774; x_wconf 87' lang='lat' dir='ltr'>possit</span> <span class='ocrx_word' id='word_1_69' title='bbox 837 735 933 762; x_wconf 90' lang='lat' dir='ltr'>cum</span> <span class='ocrx_word' id='word_1_70' title='bbox 966 720 1097 762; x_wconf 89' lang='lat' dir='ltr'>tertia</span> <span class='ocrx_word' id='word_1_71' title='bbox 1129 721 1230 775; x_wconf 89' lang='lat' dir='ltr'>dici,</span> 
     </span>
    </p>

    <p class='ocr_par' dir='ltr' id='par_1_4' title="bbox 133 779 1312 835">
     <span class='ocr_line' id='line_1_12' title="bbox 133 779 1312 835; baseline 0 -14"><span class='ocrx_word' id='word_1_72' title='bbox 133 780 354 835; x_wconf 85' lang='lat' dir='ltr'>Regnatas</span> <span class='ocrx_word' id='word_1_73' title='bbox 386 779 554 828; x_wconf 88' lang='lat' dir='ltr'>multis,</span> <span class='ocrx_word' id='word_1_74' title='bbox 587 793 692 832; x_wconf 90' lang='lat' dir='ltr'>quos</span> <span class='ocrx_word' id='word_1_75' title='bbox 726 779 843 820; x_wconf 84' lang='lat' dir='ltr'>fama</span> <span class='ocrx_word' id='word_1_76' title='bbox 875 780 1100 821; x_wconf 88' lang='lat' dir='ltr'>oblitterat</span> <span class='ocrx_word' id='word_1_77' title='bbox 1132 783 1175 820; x_wconf 92' lang='lat' dir='ltr'>et</span> <span class='ocrx_word' id='word_1_78' title='bbox 1207 795 1312 834; x_wconf 88' lang='lat' dir='ltr'>quos</span> 
     </span>
    </p>

    <p class='ocr_par' dir='ltr' id='par_1_5' title="bbox 134 838 1555 1010">
     <span class='ocr_line' id='line_1_13' title="bbox 135 838 1555 893; baseline 0.001 -14"><span class='ocrx_word' id='word_1_79' title='bbox 135 838 330 880; x_wconf 87' lang='lat' dir='ltr'>Barbara</span> <span class='ocrx_word' id='word_1_80' title='bbox 366 838 583 879; x_wconf 78' lang='lat' dir='ltr'>Romanae</span> <span class='ocrx_word' id='word_1_81' title='bbox 614 852 700 879; x_wconf 91' lang='lat' dir='ltr'>non</span> <span class='ocrx_word' id='word_1_82' title='bbox 731 838 909 879; x_wconf 89' lang='lat' dir='ltr'>tradunt</span> <span class='ocrx_word' id='word_1_83' title='bbox 940 839 1117 880; x_wconf 90' lang='lat' dir='ltr'>nomina</span> <span class='ocrx_word' id='word_1_84' title='bbox 1148 839 1339 893; x_wconf 87' lang='lat' dir='ltr'>linguae,</span> <span class='ocrx_word' id='word_1_85' title='bbox 1513 850 1555 881; x_wconf 82' lang='lat'>25</span> 
     </span>
     <span class='ocr_line' id='line_1_14' title="bbox 134 895 1485 951; baseline -0.001 -12"><span class='ocrx_word' id='word_1_86' title='bbox 134 898 366 939; x_wconf 88' lang='lat' dir='ltr'>Illibanum</span> <span class='ocrx_word' id='word_1_87' title='bbox 398 895 714 950; x_wconf 86' lang='lat' dir='ltr'>Numidamque</span> <span class='ocrx_word' id='word_1_88' title='bbox 741 897 911 937; x_wconf 90' lang='lat' dir='ltr'>Auelim</span> <span class='ocrx_word' id='word_1_89' title='bbox 938 896 1229 951; x_wconf 85' lang='lat' dir='ltr'>Parthumque</span> <span class='ocrx_word' id='word_1_90' title='bbox 1256 897 1485 939; x_wconf 90' lang='lat' dir='ltr'>Vononem</span> 
     </span>
     <span class='ocr_line' id='line_1_15' title="bbox 134 954 1326 1010; baseline -0.001 -13"><span class='ocrx_word' id='word_1_91' title='bbox 134 956 194 997; x_wconf 86' lang='lat' dir='ltr'>Et</span> <span class='ocrx_word' id='word_1_92' title='bbox 227 955 461 1009; x_wconf 82' lang='lat' dir='ltr'>Caranum,</span> <span class='ocrx_word' id='word_1_93' title='bbox 494 954 667 996; x_wconf 86' lang='lat' dir='ltr'>Pellaea</span> <span class='ocrx_word' id='word_1_94' title='bbox 700 955 816 996; x_wconf 85' lang='lat' dir='ltr'>dedit</span> <span class='ocrx_word' id='word_1_95' title='bbox 848 956 917 1009; x_wconf 90' lang='lat' dir='ltr'>qui</span> <span class='ocrx_word' id='word_1_96' title='bbox 950 955 1126 996; x_wconf 89' lang='lat' dir='ltr'>nomina</span> <span class='ocrx_word' id='word_1_97' title='bbox 1158 970 1326 1010; x_wconf 89' lang='lat' dir='ltr'>regum,</span> 
     </span>
    </p>

    <p class='ocr_par' dir='ltr' id='par_1_6' title="bbox 137 1013 1326 1069">
     <span class='ocr_line' id='line_1_16' title="bbox 137 1013 1326 1069; baseline -0.001 -13"><span class='ocrx_word' id='word_1_98' title='bbox 137 1015 300 1069; x_wconf 82' lang='lat' dir='ltr'>Quique</span> <span class='ocrx_word' id='word_1_99' title='bbox 333 1027 482 1068; x_wconf 88' lang='lat' dir='ltr'>magos</span> <span class='ocrx_word' id='word_1_100' title='bbox 517 1013 662 1055; x_wconf 88' lang='lat' dir='ltr'>docuit</span> <span class='ocrx_word' id='word_1_101' title='bbox 694 1014 901 1068; x_wconf 84' lang='lat' dir='ltr'>mysteria</span> <span class='ocrx_word' id='word_1_102' title='bbox 932 1028 1045 1055; x_wconf 89' lang='lat' dir='ltr'>uana</span> <span class='ocrx_word' id='word_1_103' title='bbox 1075 1013 1326 1069; x_wconf 84' lang='lat' dir='ltr'>Nechepsos</span> 
     </span>
    </p>

    <p class='ocr_par' dir='ltr' id='par_1_7' title="bbox 135 1071 1327 1128">
     <span class='ocr_line' id='line_1_17' title="bbox 135 1071 1327 1128; baseline -0.001 -13"><span class='ocrx_word' id='word_1_104' title='bbox 135 1074 195 1115; x_wconf 87' lang='lat' dir='ltr'>Et</span> <span class='ocrx_word' id='word_1_105' title='bbox 227 1074 300 1128; x_wconf 91' lang='lat' dir='ltr'>qui</span> <span class='ocrx_word' id='word_1_106' title='bbox 331 1072 531 1127; x_wconf 86' lang='lat' dir='ltr'>regnauit</span> <span class='ocrx_word' id='word_1_107' title='bbox 565 1073 654 1113; x_wconf 90' lang='lat' dir='ltr'>sine</span> <span class='ocrx_word' id='word_1_108' title='bbox 686 1073 859 1114; x_wconf 90' lang='lat' dir='ltr'>nomine</span> <span class='ocrx_word' id='word_1_109' title='bbox 892 1087 1074 1127; x_wconf 84' lang='lat' dir='ltr'>moxque</span> <span class='ocrx_word' id='word_1_110' title='bbox 1108 1071 1327 1114; x_wconf 81' lang='lat' dir='ltr'>Sesostris.</span> 
     </span>
    </p>
   </div>
   <div class='ocr_carea' id='block_1_4' title="bbox 134 1154 1557 1681">
    <p class='ocr_par' dir='ltr' id='par_1_8' title="bbox 134 1154 1557 1681">
     <span class='ocr_line' id='line_1_18' title="bbox 223 1154 1557 1208; baseline 0 -11"><span class='ocrx_word' id='word_1_111' title='bbox 223 1155 342 1197; x_wconf 88' lang='lat' dir='ltr'>Haec</span> <span class='ocrx_word' id='word_1_112' title='bbox 373 1158 421 1196; x_wconf 93' lang='lat' dir='ltr'>tu</span> <span class='ocrx_word' id='word_1_113' title='bbox 455 1168 584 1208; x_wconf 86' lang='lat' dir='ltr'>quam</span> <span class='ocrx_word' id='word_1_114' title='bbox 616 1155 752 1208; x_wconf 89' lang='lat' dir='ltr'>perite</span> <span class='ocrx_word' id='word_1_115' title='bbox 785 1156 827 1194; x_wconf 90' lang='lat' dir='ltr'>et</span> <span class='ocrx_word' id='word_1_116' title='bbox 857 1154 1081 1208; x_wconf 89' lang='lat' dir='ltr'>concinne,</span> <span class='ocrx_word' id='word_1_117' title='bbox 1114 1169 1240 1208; x_wconf 89' lang='lat' dir='ltr'>quam</span> <span class='ocrx_word' id='word_1_118' title='bbox 1268 1155 1485 1197; x_wconf 89' lang='lat' dir='ltr'>modulate</span> <span class='ocrx_word' id='word_1_119' title='bbox 1513 1167 1557 1197; x_wconf 85' lang='lat'>30</span> 
     </span>
     <span class='ocr_line' id='line_1_19' title="bbox 136 1212 1487 1267; baseline -0.001 -11"><span class='ocrx_word' id='word_1_120' title='bbox 136 1217 178 1256; x_wconf 89' lang='lat' dir='ltr'>et</span> <span class='ocrx_word' id='word_1_121' title='bbox 211 1214 408 1267; x_wconf 89' lang='lat' dir='ltr'>dulciter,</span> <span class='ocrx_word' id='word_1_122' title='bbox 440 1213 502 1253; x_wconf 89' lang='lat' dir='ltr'>ita</span> <span class='ocrx_word' id='word_1_123' title='bbox 534 1213 653 1254; x_wconf 81' lang='lat' dir='ltr'>iuxta</span> <span class='ocrx_word' id='word_1_124' title='bbox 684 1215 884 1254; x_wconf 88' lang='lat' dir='ltr'>naturam</span> <span class='ocrx_word' id='word_1_125' title='bbox 911 1212 1205 1255; x_wconf 85' lang='lat' dir='ltr'>Romanorum</span> <span class='ocrx_word' id='word_1_126' title='bbox 1235 1217 1487 1255; x_wconf 85' lang='lat' dir='ltr'>accentuum</span> 
     </span>
     <span class='ocr_line' id='line_1_20' title="bbox 135 1272 1488 1327; baseline -0.001 -12"><span class='ocrx_word' id='word_1_127' title='bbox 135 1273 387 1326; x_wconf 84' lang='lat' dir='ltr'>enuntiasti,</span> <span class='ocrx_word' id='word_1_128' title='bbox 429 1274 478 1312; x_wconf 91' lang='lat' dir='ltr'>ut</span> <span class='ocrx_word' id='word_1_129' title='bbox 515 1274 661 1313; x_wconf 90' lang='lat' dir='ltr'>tamen</span> <span class='ocrx_word' id='word_1_130' title='bbox 691 1272 806 1313; x_wconf 91' lang='lat' dir='ltr'>ueris</span> <span class='ocrx_word' id='word_1_131' title='bbox 840 1274 882 1312; x_wconf 91' lang='lat' dir='ltr'>et</span> <span class='ocrx_word' id='word_1_132' title='bbox 914 1272 1166 1327; x_wconf 86' lang='lat' dir='ltr'>primigenis</span> <span class='ocrx_word' id='word_1_133' title='bbox 1199 1273 1376 1313; x_wconf 91' lang='lat' dir='ltr'>uocibus</span> <span class='ocrx_word' id='word_1_134' title='bbox 1411 1287 1488 1314; x_wconf 87' lang='lat' dir='ltr'>sua</span> 
     </span>
     <span class='ocr_line' id='line_1_21' title="bbox 134 1330 1485 1386; baseline -0.001 -13"><span class='ocrx_word' id='word_1_135' title='bbox 134 1332 312 1386; x_wconf 87' lang='lat' dir='ltr'>fastigia</span> <span class='ocrx_word' id='word_1_136' title='bbox 343 1345 431 1372; x_wconf 88' lang='lat' dir='ltr'>non</span> <span class='ocrx_word' id='word_1_137' title='bbox 463 1330 663 1384; x_wconf 90' lang='lat' dir='ltr'>perirent.</span> <span class='ocrx_word' id='word_1_138' title='bbox 712 1331 797 1372; x_wconf 88' lang='lat' dir='ltr'>iam</span> <span class='ocrx_word' id='word_1_139' title='bbox 829 1330 931 1384; x_wconf 90' lang='lat' dir='ltr'>quid</span> <span class='ocrx_word' id='word_1_140' title='bbox 965 1330 1015 1371; x_wconf 88' lang='lat' dir='ltr'>de</span> <span class='ocrx_word' id='word_1_141' title='bbox 1043 1331 1290 1385; x_wconf 87' lang='lat' dir='ltr'>eloquentia</span> <span class='ocrx_word' id='word_1_142' title='bbox 1317 1331 1485 1372; x_wconf 76' lang='lat' dir='ltr'>dicam‘.&gt;</span> 
     </span>
     <span class='ocr_line' id='line_1_22' title="bbox 134 1389 1486 1446; baseline -0.001 -14"><span class='ocrx_word' id='word_1_143' title='bbox 134 1391 298 1446; x_wconf 91' lang='lat' dir='ltr'>liquido</span> <span class='ocrx_word' id='word_1_144' title='bbox 339 1389 536 1431; x_wconf 87' lang='lat' dir='ltr'>adiurare</span> <span class='ocrx_word' id='word_1_145' title='bbox 575 1404 753 1443; x_wconf 89' lang='lat' dir='ltr'>possum</span> <span class='ocrx_word' id='word_1_146' title='bbox 785 1389 950 1430; x_wconf 90' lang='lat' dir='ltr'>nullum</span> <span class='ocrx_word' id='word_1_147' title='bbox 982 1390 1063 1430; x_wconf 89' lang='lat' dir='ltr'>tibi</span> <span class='ocrx_word' id='word_1_148' title='bbox 1096 1390 1148 1431; x_wconf 89' lang='lat' dir='ltr'>ad</span> <span class='ocrx_word' id='word_1_149' title='bbox 1179 1390 1393 1443; x_wconf 85' lang='lat' dir='ltr'>poeticam</span> <span class='ocrx_word' id='word_1_150' title='bbox 1424 1391 1486 1431; x_wconf 79' lang='lat' dir='ltr'>fa—</span> 
     </span>
     <span class='ocr_line' id='line_1_23' title="bbox 135 1448 1557 1502; baseline -0.001 -11"><span class='ocrx_word' id='word_1_151' title='bbox 135 1450 333 1491; x_wconf 89' lang='lat' dir='ltr'>cundiam</span> <span class='ocrx_word' id='word_1_152' title='bbox 363 1448 587 1490; x_wconf 86' lang='lat' dir='ltr'>Romanae</span> <span class='ocrx_word' id='word_1_153' title='bbox 625 1448 861 1489; x_wconf 86' lang='lat' dir='ltr'>iuuentutis</span> <span class='ocrx_word' id='word_1_154' title='bbox 901 1449 1091 1502; x_wconf 89' lang='lat' dir='ltr'>aequari:</span> <span class='ocrx_word' id='word_1_155' title='bbox 1131 1451 1243 1489; x_wconf 87' lang='lat' dir='ltr'>certe</span> <span class='ocrx_word' id='word_1_156' title='bbox 1282 1449 1343 1489; x_wconf 86' lang='lat' dir='ltr'>ita</span> <span class='ocrx_word' id='word_1_157' title='bbox 1381 1449 1488 1489; x_wconf 89' lang='lat' dir='ltr'>mihi</span> <span class='ocrx_word' id='word_1_158' title='bbox 1514 1460 1557 1490; x_wconf 84' lang='lat'>35</span> 
     </span>
     <span class='ocr_line' id='line_1_24' title="bbox 134 1507 1486 1562; baseline -0.001 -12"><span class='ocrx_word' id='word_1_159' title='bbox 134 1509 283 1550; x_wconf 90' lang='lat' dir='ltr'>uideri.</span> <span class='ocrx_word' id='word_1_160' title='bbox 340 1508 376 1548; x_wconf 87' lang='lat' dir='ltr'>si</span> <span class='ocrx_word' id='word_1_161' title='bbox 415 1522 526 1560; x_wconf 87' lang='lat' dir='ltr'>erro,</span> <span class='ocrx_word' id='word_1_162' title='bbox 570 1509 693 1560; x_wconf 90' lang='lat' dir='ltr'>pater</span> <span class='ocrx_word' id='word_1_163' title='bbox 738 1521 850 1560; x_wconf 90' lang='lat' dir='ltr'>sum,</span> <span class='ocrx_word' id='word_1_164' title='bbox 894 1507 959 1547; x_wconf 87' lang='lat' dir='ltr'>fer</span> <span class='ocrx_word' id='word_1_165' title='bbox 1003 1522 1070 1548; x_wconf 89' lang='lat' dir='ltr'>me</span> <span class='ocrx_word' id='word_1_166' title='bbox 1111 1510 1153 1548; x_wconf 94' lang='lat' dir='ltr'>et</span> <span class='ocrx_word' id='word_1_167' title='bbox 1190 1507 1280 1548; x_wconf 86' lang='lat' dir='ltr'>noli</span> <span class='ocrx_word' id='word_1_168' title='bbox 1319 1508 1486 1562; x_wconf 76' lang='lat' dir='ltr'>exigere</span> 
     </span>
     <span class='ocr_line' id='line_1_25' title="bbox 135 1565 1488 1621; baseline -0.001 -13"><span class='ocrx_word' id='word_1_169' title='bbox 135 1567 337 1608; x_wconf 86' lang='lat' dir='ltr'>iudicium</span> <span class='ocrx_word' id='word_1_170' title='bbox 380 1566 580 1607; x_wconf 86' lang='lat' dir='ltr'>obstante</span> <span class='ocrx_word' id='word_1_171' title='bbox 618 1565 792 1619; x_wconf 87' lang='lat' dir='ltr'>pietate.</span> <span class='ocrx_word' id='word_1_172' title='bbox 848 1580 997 1606; x_wconf 89' lang='lat' dir='ltr'>uerum</span> <span class='ocrx_word' id='word_1_173' title='bbox 1036 1579 1115 1621; x_wconf 89' lang='lat' dir='ltr'>ego</span> <span class='ocrx_word' id='word_1_174' title='bbox 1155 1580 1250 1607; x_wconf 88' lang='lat' dir='ltr'>cum</span> <span class='ocrx_word' id='word_1_175' title='bbox 1291 1566 1360 1619; x_wconf 89' lang='lat' dir='ltr'>pie</span> <span class='ocrx_word' id='word_1_176' title='bbox 1393 1566 1488 1606; x_wconf 89' lang='lat' dir='ltr'>dili-</span> 
     </span>
     <span class='ocr_line' id='line_1_26' title="bbox 136 1624 1487 1681; baseline -0.001 -14"><span class='ocrx_word' id='word_1_177' title='bbox 136 1640 253 1681; x_wconf 84' lang='lat' dir='ltr'>gam,</span> <span class='ocrx_word' id='word_1_178' title='bbox 296 1626 458 1666; x_wconf 88' lang='lat' dir='ltr'>sincere</span> <span class='ocrx_word' id='word_1_179' title='bbox 498 1626 541 1665; x_wconf 89' lang='lat' dir='ltr'>et</span> <span class='ocrx_word' id='word_1_180' title='bbox 579 1639 724 1665; x_wconf 86' lang='lat' dir='ltr'>seuere</span> <span class='ocrx_word' id='word_1_181' title='bbox 763 1624 916 1665; x_wconf 88' lang='lat' dir='ltr'>iudico.</span> <span class='ocrx_word' id='word_1_182' title='bbox 978 1624 1111 1665; x_wconf 88' lang='lat' dir='ltr'>adfice</span> <span class='ocrx_word' id='word_1_183' title='bbox 1148 1639 1232 1678; x_wconf 89' lang='lat' dir='ltr'>me,</span> <span class='ocrx_word' id='word_1_184' title='bbox 1273 1639 1366 1678; x_wconf 89' lang='lat' dir='ltr'>oro,</span> <span class='ocrx_word' id='word_1_185' title='bbox 1408 1626 1487 1666; x_wconf 84' lang='lat' dir='ltr'>tali</span> 
     </span>
    </p>
   </div>
   <div class='ocr_carea' id='block_1_5' title="bbox 171 1703 423 1708">
    <p class='ocr_par' dir='ltr' id='par_1_9' title="bbox 171 1703 423 1708">
     <span class='ocr_line' id='line_1_27' title="bbox 171 1703 423 1708; baseline 0 0"><span class='ocrx_word' id='word_1_186' title='bbox 171 1703 423 1708; x_wconf 95' lang='lat' dir='ltr'> </span> 
     </span>
    </p>
   </div>
   <div class='ocr_carea' id='block_1_6' title="bbox 229 1727 1178 1820">
    <p class='ocr_par' dir='ltr' id='par_1_10' title="bbox 229 1727 1178 1820">
     <span class='ocr_line' id='line_1_28' title="bbox 229 1727 1178 1772; baseline -0.002 -8"><span class='ocrx_word' id='word_1_187' title='bbox 229 1729 351 1764; x_wconf 79' lang='lat' dir='ltr'>XXIH</span> <span class='ocrx_word' id='word_1_188' title='bbox 379 1733 421 1764; x_wconf 89' lang='grc'>16</span> <span class='ocrx_word' id='word_1_189' title='bbox 438 1740 516 1772; x_wconf 87' lang='lat' dir='ltr'>sqq.</span> <span class='ocrx_word' id='word_1_190' title='bbox 545 1727 710 1772; x_wconf 87' lang='lat' dir='ltr'>(Sueton.</span> <span class='ocrx_word' id='word_1_191' title='bbox 738 1728 816 1762; x_wconf 86' lang='lat' dir='ltr'>rell.</span> <span class='ocrx_word' id='word_1_192' title='bbox 844 1727 948 1762; x_wconf 83' lang='lat' dir='ltr'>XIIII</span> <span class='ocrx_word' id='word_1_193' title='bbox 974 1740 1009 1772; x_wconf 84' lang='lat' dir='ltr'>p.</span> <span class='ocrx_word' id='word_1_194' title='bbox 1036 1731 1104 1763; x_wconf 85' lang='lat'>303</span> <span class='ocrx_word' id='word_1_195' title='bbox 1121 1728 1178 1772; x_wconf 81' lang='lat' dir='ltr'>R).</span> 
     </span>
     <span class='ocr_line' id='line_1_29' title="bbox 231 1776 692 1820; baseline -0.007 -8"><span class='ocrx_word' id='word_1_196' title='bbox 231 1781 274 1812; x_wconf 91' lang='grc'>22</span> <span class='ocrx_word' id='word_1_197' title='bbox 303 1776 453 1811; x_wconf 82' lang='lat' dir='ltr'>Sallust.</span> <span class='ocrx_word' id='word_1_198' title='bbox 482 1776 559 1820; x_wconf 84' lang='lat' dir='ltr'>Iug.</span> <span class='ocrx_word' id='word_1_199' title='bbox 590 1778 644 1818; x_wconf 80' lang='grc'>17,</span> <span class='ocrx_word' id='word_1_200' title='bbox 672 1779 692 1809; x_wconf 88' lang='lat'><strong>3</strong></span> 
     </span>
    </p>
   </div>
   <div class='ocr_carea' id='block_1_7' title="bbox 139 1844 422 1849">
    <p class='ocr_par' dir='ltr' id='par_1_11' title="bbox 139 1844 422 1849">
     <span class='ocr_line' id='line_1_30' title="bbox 139 1844 422 1849; baseline 0 0"><span class='ocrx_word' id='word_1_201' title='bbox 139 1844 422 1849; x_wconf 95' lang='lat' dir='ltr'> </span> 
     </span>
    </p>
   </div>
   <div class='ocr_carea' id='block_1_8' title="bbox 138 1869 1492 2336">
    <p class='ocr_par' dir='ltr' id='par_1_12' title="bbox 138 1869 1492 2291">
     <span class='ocr_line' id='line_1_31' title="bbox 236 1869 1486 1916; baseline -0.001 -11"><span class='ocrx_word' id='word_1_202' title='bbox 236 1875 281 1905; x_wconf 81' lang='lat'>14</span> <span class='ocrx_word' id='word_1_203' title='bbox 301 1870 438 1914; x_wconf 84' lang='lat' dir='ltr'>oppido</span> <span class='ocrx_word' id='word_1_204' title='bbox 459 1880 525 1904; x_wconf 85' lang='lat' dir='ltr'>om.</span> <span class='ocrx_word' id='word_1_205' title='bbox 541 1869 574 1903; x_wconf 93' lang='lat' dir='ltr'><em>T</em></span> <span class='ocrx_word' id='word_1_206' title='bbox 644 1872 686 1904; x_wconf 90' lang='lat'>15</span> <span class='ocrx_word' id='word_1_207' title='bbox 707 1869 1010 1904; x_wconf 86' lang='lat' dir='ltr'>iocundissimum</span> <span class='ocrx_word' id='word_1_208' title='bbox 1030 1869 1119 1903; x_wconf 82' lang='lat' dir='ltr'>TM</span> <span class='ocrx_word' id='word_1_209' title='bbox 1192 1873 1233 1904; x_wconf 89' lang='grc'>16</span> <span class='ocrx_word' id='word_1_210' title='bbox 1255 1870 1299 1904; x_wconf 94' lang='lat' dir='ltr'>de</span> <span class='ocrx_word' id='word_1_211' title='bbox 1320 1870 1486 1916; x_wconf 85' lang='lat' dir='ltr'>regibus]</span> 
     </span>
     <span class='ocr_line' id='line_1_32' title="bbox 138 1916 1491 1962; baseline -0.001 -9"><span class='ocrx_word' id='word_1_212' title='bbox 138 1919 182 1953; x_wconf 88' lang='lat' dir='ltr'>de</span> <span class='ocrx_word' id='word_1_213' title='bbox 208 1929 275 1952; x_wconf 87' lang='lat' dir='ltr'>om.</span> <span class='ocrx_word' id='word_1_214' title='bbox 303 1917 393 1952; x_wconf 79' lang='lat' dir='ltr'>GM</span> <span class='ocrx_word' id='word_1_215' title='bbox 464 1920 506 1951; x_wconf 90' lang='grc'>18</span> <span class='ocrx_word' id='word_1_216' title='bbox 533 1918 753 1960; x_wconf 81' lang='lat' dir='ltr'>assequutus</span> <span class='ocrx_word' id='word_1_217' title='bbox 784 1917 816 1950; x_wconf 88' lang='lat' dir='ltr'><em>T</em></span> <span class='ocrx_word' id='word_1_218' title='bbox 847 1918 1036 1951; x_wconf 79' lang='lat' dir='ltr'>assecutus</span> <span class='ocrx_word' id='word_1_219' title='bbox 1064 1916 1157 1950; x_wconf 78' lang='lat' dir='ltr'>GM</span> <span class='ocrx_word' id='word_1_220' title='bbox 1227 1921 1272 1950; x_wconf 89' lang='grc'>20</span> <span class='ocrx_word' id='word_1_221' title='bbox 1300 1918 1436 1962; x_wconf 81' lang='lat' dir='ltr'>collegi</span> <span class='ocrx_word' id='word_1_222' title='bbox 1460 1918 1491 1951; x_wconf 77' lang='grc' dir='ltr'><em>Τ</em></span> 
     </span>
     <span class='ocr_line' id='line_1_33' title="bbox 139 1963 1489 2009; baseline -0.002 -9"><span class='ocrx_word' id='word_1_223' title='bbox 139 1965 297 2009; x_wconf 86' lang='lat' dir='ltr'>cognoui</span> <span class='ocrx_word' id='word_1_224' title='bbox 331 1965 423 2000; x_wconf 78' lang='lat' dir='ltr'>GM</span> <span class='ocrx_word' id='word_1_225' title='bbox 462 1964 475 2008; x_wconf 77' lang='grc' dir='ltr'>ΙΙ</span> <span class='ocrx_word' id='word_1_226' title='bbox 518 1968 561 1998; x_wconf 86' lang='grc'>21</span> <span class='ocrx_word' id='word_1_227' title='bbox 595 1965 782 2008; x_wconf 85' lang='lat' dir='ltr'>Europam</span> <span class='ocrx_word' id='word_1_228' title='bbox 814 1964 895 1999; x_wconf 72' lang='lat' dir='ltr'>init.</span> <span class='ocrx_word' id='word_1_229' title='bbox 921 1964 1022 1999; x_wconf 73' lang='lat' dir='ltr'>rubr.</span> <span class='ocrx_word' id='word_1_230' title='bbox 1048 1974 1115 1999; x_wconf 72' lang='lat' dir='ltr'>ser.</span> <span class='ocrx_word' id='word_1_231' title='bbox 1147 1963 1179 1997; x_wconf 92' lang='lat' dir='ltr'><em>T</em></span> <span class='ocrx_word' id='word_1_232' title='bbox 1273 1968 1315 1998; x_wconf 89' lang='grc'>22</span> <span class='ocrx_word' id='word_1_233' title='bbox 1348 1965 1489 2009; x_wconf 83' lang='lat' dir='ltr'>lybiam</span> 
     </span>
     <span class='ocr_line' id='line_1_34' title="bbox 142 2010 1492 2056; baseline -0.001 -9"><span class='ocrx_word' id='word_1_234' title='bbox 142 2012 250 2056; x_wconf 78' lang='lat' dir='ltr'>TMl</span> <span class='ocrx_word' id='word_1_235' title='bbox 277 2012 461 2046; x_wconf 82' lang='lat' dir='ltr'>Salustius</span> <span class='ocrx_word' id='word_1_236' title='bbox 491 2011 563 2045; x_wconf 79' lang='lat' dir='ltr'>TG</span> <span class='ocrx_word' id='word_1_237' title='bbox 659 2015 702 2045; x_wconf 88' lang='grc'>23</span> <span class='ocrx_word' id='word_1_238' title='bbox 729 2021 835 2056; x_wconf 72' lang='lat' dir='ltr'>poss3</span> <span class='ocrx_word' id='word_1_239' title='bbox 864 2011 897 2044; x_wconf 98' lang='lat' dir='ltr'><em>T</em></span> <span class='ocrx_word' id='word_1_240' title='bbox 992 2015 1037 2045; x_wconf 81' lang='grc'>24</span> <span class='ocrx_word' id='word_1_241' title='bbox 1064 2010 1263 2045; x_wconf 78' lang='lat' dir='ltr'>oblicterat</span> <span class='ocrx_word' id='word_1_242' title='bbox 1288 2015 1328 2046; x_wconf 74' lang='lat' dir='ltr'>ut</span> <span class='ocrx_word' id='word_1_243' title='bbox 1354 2012 1428 2046; x_wconf 76' lang='lat' dir='ltr'>uid.</span> <span class='ocrx_word' id='word_1_244' title='bbox 1459 2011 1492 2045; x_wconf 85' lang='lat' dir='ltr'><em>T</em></span> 
     </span>
     <span class='ocr_line' id='line_1_35' title="bbox 140 2057 1442 2102; baseline -0.002 -8"><span class='ocrx_word' id='word_1_245' title='bbox 140 2059 316 2094; x_wconf 85' lang='lat' dir='ltr'>obliterat</span> <span class='ocrx_word' id='word_1_246' title='bbox 342 2059 391 2094; x_wconf 91' lang='lat' dir='ltr'><em>M</em></span> <span class='ocrx_word' id='word_1_247' title='bbox 460 2061 503 2092; x_wconf 88' lang='grc'>26</span> <span class='ocrx_word' id='word_1_248' title='bbox 530 2059 677 2102; x_wconf 83' lang='lat' dir='ltr'>partum</span> <span class='ocrx_word' id='word_1_249' title='bbox 707 2057 741 2092; x_wconf 76' lang='lat' dir='ltr'><strong><em>G</em></strong></span> <span class='ocrx_word' id='word_1_250' title='bbox 774 2059 779 2102; x_wconf 80' lang='grc'>1</span> <span class='ocrx_word' id='word_1_251' title='bbox 813 2068 994 2092; x_wconf 85' lang='lat' dir='ltr'>uonouem</span> <span class='ocrx_word' id='word_1_252' title='bbox 1023 2058 1072 2092; x_wconf 90' lang='lat' dir='ltr'><em>M</em></span> <span class='ocrx_word' id='word_1_253' title='bbox 1146 2062 1189 2092; x_wconf 85' lang='grc'>27</span> <span class='ocrx_word' id='word_1_254' title='bbox 1217 2058 1341 2102; x_wconf 88' lang='lat' dir='ltr'>pellea</span> <span class='ocrx_word' id='word_1_255' title='bbox 1370 2058 1442 2092; x_wconf 81' lang='lat' dir='ltr'>TG</span> 
     </span>
     <span class='ocr_line' id='line_1_36' title="bbox 139 2105 1490 2149; baseline -0.001 -8"><span class='ocrx_word' id='word_1_256' title='bbox 139 2110 183 2142; x_wconf 86' lang='grc'>28</span> <span class='ocrx_word' id='word_1_257' title='bbox 209 2106 376 2141; x_wconf 80' lang='lat' dir='ltr'>misteria</span> <span class='ocrx_word' id='word_1_258' title='bbox 405 2105 519 2148; x_wconf 75' lang='lat' dir='ltr'>TMl</span> <span class='ocrx_word' id='word_1_259' title='bbox 546 2105 724 2149; x_wconf 85' lang='lat' dir='ltr'>nechepsi</span> <span class='ocrx_word' id='word_1_260' title='bbox 745 2106 779 2138; x_wconf 91' lang='lat' dir='ltr'><em>Z</em></span> <span class='ocrx_word' id='word_1_261' title='bbox 804 2105 1009 2149; x_wconf 87' lang='lat' dir='ltr'>(mechepsi</span> <span class='ocrx_word' id='word_1_262' title='bbox 1032 2105 1078 2148; x_wconf 83' lang='lat' dir='ltr'>T)</span> <span class='ocrx_word' id='word_1_263' title='bbox 1104 2106 1318 2149; x_wconf 85' lang='lat' dir='ltr'>Nechepsos</span> <span class='ocrx_word' id='word_1_264' title='bbox 1340 2105 1490 2139; x_wconf 75' lang='lat' dir='ltr'>Plinius</span> 
     </span>
     <span class='ocr_line' id='line_1_37' title="bbox 140 2151 1490 2198; baseline -0.003 -10"><span class='ocrx_word' id='word_1_265' title='bbox 140 2154 208 2188; x_wconf 76' lang='lat' dir='ltr'>alii</span> <span class='ocrx_word' id='word_1_266' title='bbox 294 2157 337 2187; x_wconf 84' lang='grc'>29</span> <span class='ocrx_word' id='word_1_267' title='bbox 370 2162 498 2198; x_wconf 73' lang='lat' dir='ltr'>moxq3</span> <span class='ocrx_word' id='word_1_268' title='bbox 526 2152 696 2187; x_wconf 77' lang='lat' dir='ltr'>sesostris</span> <span class='ocrx_word' id='word_1_269' title='bbox 725 2152 757 2185; x_wconf 88' lang='grc' dir='ltr'><em>Τ</em></span> <span class='ocrx_word' id='word_1_270' title='bbox 786 2163 870 2187; x_wconf 81' lang='lat' dir='ltr'>mox</span> <span class='ocrx_word' id='word_1_271' title='bbox 897 2152 1092 2186; x_wconf 79' lang='lat' dir='ltr'>sesoostris</span> <span class='ocrx_word' id='word_1_272' title='bbox 1120 2152 1211 2186; x_wconf 78' lang='lat' dir='ltr'>GM</span> <span class='ocrx_word' id='word_1_273' title='bbox 1239 2155 1250 2196; x_wconf 82' lang='grc' dir='ltr'>ΙΙ</span> <span class='ocrx_word' id='word_1_274' title='bbox 1294 2156 1338 2185; x_wconf 91' lang='grc'>30</span> <span class='ocrx_word' id='word_1_275' title='bbox 1365 2152 1415 2185; x_wconf 89' lang='lat' dir='ltr'>Ec</span> <span class='ocrx_word' id='word_1_276' title='bbox 1443 2151 1490 2195; x_wconf 83' lang='lat' dir='ltr'>(H</span> 
     </span>
     <span class='ocr_line' id='line_1_38' title="bbox 141 2198 1395 2244; baseline -0.002 -9"><span class='ocrx_word' id='word_1_277' title='bbox 141 2201 186 2236; x_wconf 87' lang='lat' dir='ltr'>ab</span> <span class='ocrx_word' id='word_1_278' title='bbox 211 2201 436 2235; x_wconf 64' lang='lat' dir='ltr'>rubricator-e</span> <span class='ocrx_word' id='word_1_279' title='bbox 462 2200 542 2243; x_wconf 83' lang='lat' dir='ltr'>om.)</span> <span class='ocrx_word' id='word_1_280' title='bbox 574 2199 607 2233; x_wconf 90' lang='lat' dir='ltr'><em>T</em></span> <span class='ocrx_word' id='word_1_281' title='bbox 700 2202 743 2233; x_wconf 86' lang='lat'>31</span> <span class='ocrx_word' id='word_1_282' title='bbox 772 2201 969 2234; x_wconf 85' lang='lat' dir='ltr'>acentuum</span> <span class='ocrx_word' id='word_1_283' title='bbox 999 2198 1030 2232; x_wconf 84' lang='lat' dir='ltr'><em>T</em></span> <span class='ocrx_word' id='word_1_284' title='bbox 1126 2203 1168 2233; x_wconf 82' lang='lat'>32</span> <span class='ocrx_word' id='word_1_285' title='bbox 1204 2200 1255 2244; x_wconf 79' lang='lat' dir='ltr'>et]</span> <span class='ocrx_word' id='word_1_286' title='bbox 1293 2209 1335 2232; x_wconf 87' lang='lat' dir='ltr'>ac</span> <span class='ocrx_word' id='word_1_287' title='bbox 1362 2198 1395 2233; x_wconf 75' lang='lat' dir='ltr'><strong><em>G</em></strong></span> 
     </span>
     <span class='ocr_line' id='line_1_39' title="bbox 142 2245 1490 2291; baseline -0.002 -9"><span class='ocrx_word' id='word_1_288' title='bbox 142 2252 185 2282; x_wconf 86' lang='lat'>33</span> <span class='ocrx_word' id='word_1_289' title='bbox 215 2247 335 2282; x_wconf 83' lang='lat' dir='ltr'>dicam</span> <span class='ocrx_word' id='word_1_290' title='bbox 363 2247 395 2281; x_wconf 86' lang='lat' dir='ltr'>si</span> <span class='ocrx_word' id='word_1_291' title='bbox 422 2246 512 2291; x_wconf 85' lang='lat' dir='ltr'>quid</span> <span class='ocrx_word' id='word_1_292' title='bbox 537 2247 586 2280; x_wconf 87' lang='lat' dir='ltr'><em>M</em></span> <span class='ocrx_word' id='word_1_293' title='bbox 655 2250 698 2281; x_wconf 86' lang='grc'>36</span> <span class='ocrx_word' id='word_1_294' title='bbox 726 2246 863 2281; x_wconf 84' lang='lat' dir='ltr'>uideris</span> <span class='ocrx_word' id='word_1_295' title='bbox 890 2247 1080 2280; x_wconf 70' lang='lat' dir='ltr'>Amantius</span> <span class='ocrx_word' id='word_1_296' title='bbox 1154 2250 1196 2279; x_wconf 82' lang='lat'>37</span> <span class='ocrx_word' id='word_1_297' title='bbox 1225 2255 1294 2289; x_wconf 86' lang='lat' dir='ltr'>ego</span> <span class='ocrx_word' id='word_1_298' title='bbox 1321 2256 1386 2280; x_wconf 85' lang='lat' dir='ltr'>om.</span> <span class='ocrx_word' id='word_1_299' title='bbox 1418 2245 1490 2280; x_wconf 83' lang='lat' dir='ltr'>TG</span> 
     </span>
    </p>

    <p class='ocr_par' dir='ltr' id='par_1_13' title="bbox 190 2292 788 2336">
     <span class='ocr_line' id='line_1_40' title="bbox 190 2292 788 2336; baseline -0.005 -7"><span class='ocrx_word' id='word_1_300' title='bbox 190 2299 234 2330; x_wconf 86' lang='lat'>38</span> <span class='ocrx_word' id='word_1_301' title='bbox 262 2295 298 2328; x_wconf 88' lang='lat' dir='ltr'>et</span> <span class='ocrx_word' id='word_1_302' title='bbox 328 2294 360 2328; x_wconf 87' lang='lat' dir='ltr'><em>T</em></span> <span class='ocrx_word' id='word_1_303' title='bbox 393 2305 436 2328; x_wconf 85' lang='lat' dir='ltr'>ac</span> <span class='ocrx_word' id='word_1_304' title='bbox 465 2293 587 2336; x_wconf 63' lang='lat' dir='ltr'>GMt</span> <span class='ocrx_word' id='word_1_305' title='bbox 621 2292 725 2327; x_wconf 78' lang='lat' dir='ltr'>affice</span> <span class='ocrx_word' id='word_1_306' title='bbox 755 2293 788 2326; x_wconf 91' lang='lat' dir='ltr'><em>Z</em></span> 
     </span>
    </p>
   </div>
  </div>
 </body>
</html>
