1563 2511
97 1353 116 1376 v

97 2256 122 2288 l)

681 93 728 97 —
795 79 889 108 XXX
955 91 1002 96 —

170 175 241 230 qui
267 174 510 216 meminerit
534 174 648 215 inter
673 173 777 215 illud
804 173 1110 215 monasterium
1138 175 1180 213 et
1202 171 1510 227 Lugdunenses

169 237 308 275 artam
368 233 502 274 fuisse
557 233 914 274 necessitudinem
972 231 1043 275 (cf.
1094 231 1214 272 Auiti
1266 245 1398 285 opera
1448 232 1509 273 ed.

169 292 362 346 RPeiper
398 307 436 346 p.
465 292 540 345 53,
575 293 640 334 11.
688 292 769 333 183
803 296 846 332 et
877 289 994 345 375).
1048 290 1319 344 eiusdemque
1361 291 1511 331 classis

169 352 312 392 codice
352 352 442 392 sine
480 350 608 392 dubio
648 365 750 391 usus
790 354 856 391 est
893 351 947 401 is,
985 349 1056 403 qui
1095 351 1194 389 ante
1228 364 1258 390 s.
1290 348 1374 390 VII
1407 349 1513 391 med.

169 409 367 465 Lugduni
402 413 451 452 ut
489 409 659 450 uidetur
697 409 892 450 libellum
929 409 976 449 de
1012 407 1146 449 dubi-is
1181 408 1415 449 nominibus
1445 408 1514 448 uel

167 470 214 510 de
240 469 454 522 generibus
483 469 697 510 nominum
728 465 937 523 (Gramm.
969 466 1044 507 lat.
1077 465 1137 506 ed.
1170 465 1312 507 HKeil
1343 468 1373 508 t.
1405 464 1512 522 VII)

170 528 399 581 conposuit
431 526 621 582 (Uebcrl.
649 526 768 581 296).
817 540 919 567 nam
952 527 1122 579 praeter
1156 525 1407 566 Ausoniana
1438 525 1514 566 illa

168 586 412 641 fragmenta
444 600 550 640 quae
583 585 696 626 infra
727 600 765 639 p.
793 585 877 625 309
911 583 1104 636 exhibui,
1137 598 1187 624 ex
1219 582 1392 624 Paulini
1424 597 1515 624 car-

168 646 282 686 mine
326 645 376 686 de
419 644 573 686 Niceta
604 668 662 674 ——
695 643 805 698 quod
849 643 1034 684 fortasse
1085 656 1135 682 ex
1181 641 1329 682 eodem
1373 642 1514 683 codice

168 704 340 744 transiit
365 705 411 744 in
431 704 566 745 Paris
587 703 701 744 2772
727 727 776 732 —
801 716 874 743 sex
900 703 1018 743 locos
1040 701 1278 755 exscripsit,
1304 700 1513 742 orationis

168 777 308 815 unam,
341 763 425 803 duo
463 765 699 816 praeterea,
730 775 835 813 quae
868 760 914 801 in
945 760 1070 801 editis
1103 774 1190 800 non
1223 759 1514 801 inueniuntur:

256 848 295 886 p.
323 832 421 887 594,
449 833 471 873 7
488 832 537 873 Κ.
571 841 765 876 Paulinus:
793 841 893 875 zelus
921 840 1109 884 discrepat
1134 841 1252 874 atrox.

256 906 296 945 p.
322 891 421 945 571,
451 892 500 931 17
573 902 610 935 et
635 899 730 934 sicut
756 899 840 943 (erit
865 900 907 933 ut
932 899 1052 942 codd„
1079 899 1234 942 correxi)
1268 898 1392 941 arbor,
1419 909 1513 942 quae

734 946 942 991 propinqua
967 945 1119 980 flumini.

264 1020 323 1061 Ex
355 1019 654 1075 Lugdunensis
692 1019 882 1060 familiae
921 1018 1138 1059 codicibus
1178 1017 1385 1071 dissipata
1417 1020 1516 1059 sunt

167 1079 211 1119 in
244 1079 620 1120 miscellaneorum
653 1079 944 1119 conlectorum
976 1077 1110 1118 libros
1138 1077 1242 1118 haee
1263 1076 1515 1118 Ausoniana

170 1151 380 1178 carmlna:

168 1266 210 1308 h·
267 1207 711 1307 lsliffzhnopaegnii
748 1207 986 1261 particulae
1027 1206 1192 1260 aliquot
1226 1205 1439 1247 habentur
1471 1207 1514 1247 in

199 1281 234 1307 is
285 1282 296 1307 1
332 1281 412 1308 ris:

228 1337 340 1378 Leid.
375 1337 484 1379 Voss.
513 1337 546 1388 Q
571 1340 625 1378 33
657 1352 688 1378 s.
714 1336 753 1377 X
784 1335 812 1376 f.
842 1335 1114 1377 112v—113*

257 1406 271 1438 I
299 1410 366 1440 337
467 1405 650 1440 Ausonius
677 1405 812 1439 Pacato
839 1402 1053 1448 proconsuli

498 1452 514 1485 I
539 1454 601 1496 (αῖ.
628 1453 687 1495 m.)
716 1451 798 1486 Scio
825 1455 885 1486 etc.

224 1510 272 1546 lIl
299 1515 366 1546 339
582 1510 681 1545 Finit
704 1511 795 1555 pfae.
824 1509 934 1554 lucif).
962 1508 1196 1553 tethopegnii
1221 1508 1343 1543 textus

476 1558 519 1593 II.
546 1558 619 1592 Res
645 1557 836 1592 hominum
862 1560 923 1591 etc.

204 1616 271 1650 IIII
298 1620 366 1650 340
388 1617 418 1651 A
541 1616 634 1651 Item
678 1608 726 1661 pf
759 1615 1098 1659 monosyllabarum
1146 1615 1292 1649 tantum
1348 1613 1385 1648 in
1442 1614 1511 1647 fine

1021 1661 1214 1695 iositarum

454 1711 514 1746 ΙΙΙ.
542 1711 593 1744 Vt
617 1711 654 1744 in
680 1711 806 1744 uetere
833 1713 892 1743 etc.

548 1758 641 1792 Item
667 1756 825 1802 prefatio
853 1756 1018 1790 uersibus
1043 1755 1126 1799 (IIII
1152 1757 1257 1799 cras.)

240 1804 271 1838 V
299 1806 410 1840 340ss
438 1805 516 1840 IIII.
545 1803 770 1850 Aemulasdis
797 1807 857 1838 etc.

222 1851 273 1885 VI
299 1856 364 1886 341
477 1852 520 1887 V.
549 1852 603 1886 De
629 1851 804 1886 membris

203 1899 270 1933 VII
299 1903 366 1933 342
459 1899 519 1933 VI.
547 1899 600 1933 De
628 1898 775 1933 conexis

188 1946 274 1980 VIII
302 1950 368 1980 343
443 1947 522 1982 VII.
550 1946 602 1980 De
629 1945 707 1979 Diis

170 1993 273 2026 VIIII
300 1997 369 2027 344
425 1993 521 2028 VIII.
550 1994 602 2027 De
630 1991 721 2026 cibis

239 2040 270 2073 X
297 2044 365 2074 345
406 2040 519 2075 VIIII.
547 2040 600 2074 De
626 2038 791 2074 historiis

260 2112 424 2166 aliquot
460 2112 587 2153 huius
629 2111 783 2153 codicis
822 2110 1024 2151 lectiones
1065 2110 1117 2150 al.
1158 2124 1209 2150 m.
1243 2109 1286 2150 in
1326 2106 1364 2151 V
1396 2112 1511 2150 tran-

171 2171 354 2224 scriptae
388 2174 487 2212 sunt
520 2169 723 2225 (Schenkl
756 2168 829 2209 XL
863 2169 913 2209 cf.
947 2169 1114 2210 Ueberl.
1141 2167 1258 2221 347).

232 2240 370 2282 Paris.
395 2243 515 2283 2772
547 2255 578 2281 s.
609 2239 722 2293 Xsxl
755 2239 781 2279 f.
812 2239 881 2279 '16‘

384 2297 547 2342 Explicit
573 2297 617 2332 de
643 2296 784 2331 niniue:
818 2299 898 2329 ner:
927 2295 1000 2329 CII.
