1563 2511
595 71 642 76 --
704 47 790 89 313
856 71 903 76 -

2 211 29 237 v
51 212 180 241 [Lxxv1]
371 197 424 231 IN
449 196 683 231 HOMINEM
709 196 849 232 VOCIS
875 197 1113 233 ABSONAE.

72 282 274 323 Latratus
307 281 562 334 catulorum,
592 281 788 322 hinnitus
821 281 950 335 fingis
984 295 1206 336 equorum,

132 339 505 395 Caprigenumque
536 354 666 393 pecus
698 340 996 394 lanigerosque
1030 353 1181 393 greges

71 399 228 441 Balatu
260 398 513 452 adsimulas3
547 399 690 440 asinos
723 412 890 453 quoque
922 397 1072 439 rudere
1104 398 1239 453 dicas,

131 457 237 499 Cum
269 458 335 498 uis
367 456 626 499 Arcadicum
657 457 838 512 fingere,
869 456 1030 507 Marce,
1064 471 1204 510 pecus.

73 515 295 558 Gallorum
329 518 477 557 cantus
510 518 554 556 et
586 518 765 557 ouantes
798 518 972 570 gutture
1005 529 1157 557 coruos
1396 525 1416 556 5

130 575 189 616 Et
221 574 423 629 quidquid
455 588 610 616 uocum
641 575 769 616 belua
802 577 843 616 et
876 575 963 616 ales
996 574 1146 624 habeb,

73 633 228 675 Omnia
260 648 355 675 cum
387 634 562 675 simules
595 633 658 674 ita
689 648 806 687 uere,
837 636 886 674 ub
916 633 1017 674 ficta
1048 634 1275 687 negentur,

130 691 229 734 Non
261 694 383 747 potes
414 692 628 734 humanae
661 693 779 734 uocis
811 692 969 733 habere
1003 706 1167 733 sonum.

1 843 46 870 VI
69 844 243 874 [cxxxvm]
412 831 476 865 DE
502 830 699 866 AVXILIO
728 831 1064 867 GRAMMATICO.

72 914 314 956 Emendata
344 917 490 969 potest
523 929 732 969 quaenam
764 930 848 958 uox
881 929 973 956 esse
1006 915 1222 969 magistri,

133 972 302 1015 Nomen
335 974 408 1028 qui
439 974 662 1028 proprium
695 989 789 1015 cum
821 974 928 1015 uibio
960 973 1178 1027 loquitur?

72 1031 296 1073 Auxilium
327 1036 370 1074 te
401 1047 555 1087 nempe
587 1047 735 1087 uocas,
767 1033 919 1074 inscite
952 1032 1168 1087 magister.

132 1090 199 1132 Da
230 1094 393 1132 rectum
427 1106 590 1133 casum:
624 1091 710 1132 iam
744 1091 984 1132 solicismus
1018 1091 1114 1132 eris.

1 1241 63 1268 VII
86 1243 210 1273 [xmm]
378 1229 442 1264 DE
469 1229 749 1265 PHILOMVSO
777 1228 1111 1264 GRAMMATICO.

73 1313 244 1367 Emptis
278 1314 391 1368 quod
423 1314 546 1355 libris
579 1314 661 1355 tibi
694 1314 956 1355 bibliobheca
988 1312 1146 1354 referta
1178 1316 1259 1363 est,

133 1372 320 1413 Doctum
353 1375 396 1414 et
428 1373 755 1427 grammaticum
787 1375 848 1426 te,
882 1372 1146 1425 Philomuse,
1178 1371 1333 1426 putas?

73 1429 168 1472 Hoc
201 1445 355 1485 genere
388 1434 430 1472 et
461 1431 640 1473 chordas
673 1434 715 1472 et
745 1431 911 1485 plectra
943 1434 985 1472 et
1016 1431 1187 1472 barbita
1219 1430 1392 1472 condes:

134 1489 289 1531 Omnia
320 1492 532 1531 mercatus
564 1505 657 1531 cras
690 1489 961 1532 citharoedus
995 1490 1088 1530 eris.

168 1616 236 1651 VII
274 1616 425 1651 Lucian.
453 1615 545 1673 πρὸς
571 1614 700 1652 απαιδ.
730 1621 747 1650 1
789 1617 874 1651 Οἴει
908 1616 976 1672 μὲν
1010 1613 1079 1661 γὰρ
1108 1614 1148 1650 ἐν
1174 1617 1330 1651 παιδεία
1357 1616 1420 1650 καὶ

75 1660 187 1757 (ἑῦἕὲὶς
220 1661 324 1745 εἷνὲιί
345 1677 398 1704 τις
424 1661 549 1706 δόξειν
581 1664 724 1710 σπουδῇ
760 1661 1043 1708 συνωνούμενος
1074 1661 1118 1697 τὰ
1145 1652 1321 1698 κάλλιστα
1347 1664 1421 1697 τῶν

102 1724 109 1744 ι
161 1724 226 1745 ιων
254 1722 271 1745 0
327 1714 369 1746 19

171 1828 203 1862 V
242 1833 257 1863 1
286 1828 399 1874 fugis:
432 1829 517 1864 inde
543 1813 640 1873 nigris
666 1829 705 1873 (g
730 1829 771 1862 in
798 1838 816 1861 c
844 1838 977 1862 rasura
1002 1828 1110 1863 etiam
1136 1829 1241 1871 corr.)
1268 1827 1315 1862 al.
1350 1827 1384 1861 V
1416 1828 1418 1868 l
1462 1828 1501 1862 V

76 1887 269 1920 equorum:
296 1887 430 1911 rasura
455 1887 563 1920 super
589 1887 612 1919 q
645 1875 679 1909 V
772 1879 793 1908 4
821 1886 932 1918 quum
963 1874 998 1909 V
1091 1879 1110 1908 6
1138 1874 1248 1909 uelua
1272 1874 1358 1910 talis
1391 1874 1425 1908 V

77 1934 164 1958 corr.
195 1922 275 1958 Tozz
373 1927 391 1957 7
420 1935 533 1967 quum
564 1922 598 1957 V
691 1926 712 1957 8
739 1922 923 1968 humanae
958 1921 991 1955 V

169 1981 221 2016 VI
245 1995 291 2016 m:
316 1994 456 2017 AVS1L1O
482 1994 586 2016 GRAM.
614 1977 638 2016 »ἰ
654 1997 699 2013 m
788 1985 804 2014 1
832 1980 1022 2025 magistri:
1049 1979 1061 2013 i
1087 1990 1130 2015 ecc
1156 1991 1176 2015 o
1202 1981 1260 2015 uel
1284 1980 1318 2015 is
1344 1980 1378 2015 V
1459 1981 1497 2014 V

77 2034 96 2063 3
124 2028 297 2063 ausilium
328 2029 363 2064 V

171 2087 239 2121 VII
282 2088 337 2122 tit.
370 2098 435 2122 om.
469 2087 556 2122 TM
599 2087 657 2122 Ad
695 2086 951 2121 Philomusum
990 2085 1052 2129 qui
1090 2085 1341 2121 arbitrabatur
1379 2096 1415 2120 se
1428 2086 1498 2120 VZ

79 2135 228 2169 doctum
255 2145 337 2169 cum
362 2134 457 2169 nihil
482 2134 594 2168 sciret
619 2134 653 2169 G
752 2137 769 2168 1
795 2131 1017 2168 bibliossheoa
1050 2132 1082 2166 V
1109 2132 1311 2167 biblioteca
1339 2131 1428 2166 TM

126 2185 146 2215 2
166 2192 300 2217 rasura
319 2192 426 2226 super
445 2182 485 2216 et
502 2181 537 2216 V
554 2182 559 2226 Ι
580 2180 798 2226 phylomuse
816 2181 849 2214 T
916 2185 935 2214 3
958 2179 1087 2213 cordas
1109 2179 1197 2213 VM
1213 2182 1217 2223 1
1242 2178 1371 2214 condis
1392 2179 1427 2214 V

80 2229 194 2263 conde
224 2227 314 2263 GM
347 2228 438 2263 cade
467 2228 512 2262 ΤΒ
550 2229 686 2263 condes
712 2228 842 2272 Peiper
939 2231 960 2261 4
987 2226 1125 2271 omnia]
1162 2227 1243 2260 Hoc
1269 2226 1327 2261 die
1355 2226 1388 2261 G
1417 2227 1420 2272 Ι

80 2275 287 2310 citaroedus
320 2276 366 2310 V¹
394 2275 617 2322 cytharedus
646 2275 678 2309 T
702 2274 923 2320 cytharedus
952 2274 985 2308 G
1012 2273 1224 2309 citharedus
1253 2274 1302 2308 M
