1563 2511
656 59 974 101 —172—

66 223 115 249 m
137 223 208 256 [301]
727 208 911 244 LVDIVS.

138 305 318 360 Delphis
353 303 556 347 Solonem
588 305 748 359 scripse
780 304 898 346 fama
929 306 994 345 esi:
1025 304 1239 345 Atticum:

137 365 294 406 Γνῶθι
327 363 533 418 σεαυτόν,
566 364 680 418 quod
711 362 917 405 Latinum
951 366 1034 405 est:
1067 376 1196 404 nosce
1227 365 1282 403 te.

136 423 267 465 Multi
297 423 379 465 hoo
410 422 592 465 Laconis
626 436 718 464 esse
751 420 948 463 Chilonis
979 424 1147 477 putant.

138 481 350 537 Spartane
383 480 558 536 Chilon,
591 482 646 523 sit
677 484 798 522 tuum
830 494 980 532 neone,
1015 480 1259 535 ambigunt,
1445 488 1488 520 55

138 541 263 591 Quod
294 541 415 582 iuxba
446 541 599 582 fertur:
633 538 715 595 ὅρα
747 538 871 589 τέλος
902 540 1074 594 μακροῦ
1106 541 1227 592 βίου,
1473 548 1490 574 5

136 599 286 642 Finem
319 599 479 641 intueri
511 599 667 653 longae
700 599 813 640 uit-ae
847 599 920 653 qui
952 599 1086 641 iubes.

135 658 265 700 Multi
296 658 378 700 hoo
411 657 615 700 Solonem
648 657 742 698 dixe
775 656 934 699 Croeso
967 657 1228 698 existimant.

135 718 194 760 Et
226 717 442 759 Pittacum
476 717 633 758 dixisse
665 716 783 757 fama
816 719 881 758 est
911 715 1133 757 Lesbium:

134 778 365 830 Γίγνωσκε
396 772 574 829 καιρόν;
605 778 776 828 tempus
808 778 857 816 ul:
888 775 1025 828 noris,
1056 775 1185 815 iubet,
1444 785 1488 816 60

136 835 210 877 Set
240 831 395 888 καιρὸς
425 833 508 876 iste
540 833 848 888 tempestiuum
880 836 1051 888 tempus
1085 836 1161 874 est.
1455 844 1488 870 10

134 893 237 935 Bias
269 893 474 934 Prieneus
507 892 634 934 dixit:
667 891 713 933 οἱ
741 895 939 934 πλεῖστοι
971 893 1120 944 κακοί,

135 952 257 1002 Quod
291 954 356 994 est
388 951 610 993 Latinum:
642 950 787 1005 plures
820 951 1044 993 hominum
1078 953 1177 992 sunt
1209 950 1331 992 mali:

134 1010 209 1054 Set
240 1011 450 1065 inperitos
484 1011 612 1063 seito,
646 1024 752 1064 quos
787 1010 896 1051 dixit
927 1011 1077 1052 malos.

133 1069 310 1124 Μελέτη
342 1066 392 1110 τὸ
425 1070 536 1122 πᾶν,
568 1068 789 1110 Periandri
821 1069 864 1110 id
898 1071 962 1111 esss
995 1067 1224 1110 Corinthii:
1442 1079 1485 1110 65

133 1128 461 1170 Meditationem
493 1142 618 1182 posse
650 1130 790 1169 totum
823 1128 896 1182 qui
928 1130 1064 1182 putat.
1454 1139 1487 1164 15

125 1185 332 1241 ’Ἀριστον
365 1185 527 1241 μέτρον
558 1201 651 1227 6336
684 1186 788 1227 dicit
819 1186 1000 1228 Lindius

134 1245 384 1300 Cleobulus3
415 1246 497 1287 hoe
530 1248 612 1287 est:
647 1244 835 1316 optimus
869 1246 1033 1287 cunctis
1066 1245 1231 1287 modus.

133 1305 289 1347 Thales
324 1307 390 1346 set
421 1303 576 1358 ἐγγύα,
608 1301 727 1357 πάρα
761 1299 800 1345 δ’
837 1301 917 1345 ἄτα
949 1304 1142 1358 protulit.

135 1363 353 1420 Spondere
387 1363 458 1417 qui
490 1377 587 1414 nos,
619 1377 732 1404 noxa
764 1363 865 1417 quia
895 1377 1020 1417 piaes
1054 1366 1298 1417 est,11etat.
1442 1375 1485 1406 70

228 1542 271 1573 52
318 1538 424 1572 delfis
465 1538 502 1572 P
539 1539 544 1581 Ι
586 1537 722 1582 scripse
761 1537 797 1571 P
840 1536 1030 1572 Auantius
1066 1540 1162 1573 1507
1208 1538 1337 1574 scribis
1379 1540 1416 1574 et
1453 1539 1490 1575 P

133 1585 324 1621 scribsisse
358 1585 392 1619 V
429 1586 433 1629 Ι
474 1584 638 1619 anticum
674 1584 760 1618 VPs
880 1588 923 1619 53
950 1584 1082 1629 gnothi
1113 1585 1186 1620 VP
1221 1588 1225 1628 Ι
1267 1587 1422 1622 seauton
1455 1587 1487 1622 V

133 1634 285 1678 s3auton
304 1632 341 1667 P
411 1635 456 1667 54
481 1632 624 1666 laconis
652 1631 820 1675 Vyoletus
845 1632 992 1666 lacones
1017 1632 1051 1666 V
1072 1631 1181 1667 lacon
1202 1633 1239 1667 P
1309 1636 1353 1669 56
1379 1633 1485 1670 iuxta

130 1681 189 1715 uel
207 1680 339 1714 itidem
357 1679 501 1723 Peiper,
526 1679 625 1713 intro
646 1679 733 1713 libri
755 1679 759 1723 Ι
783 1689 846 1713 ora
865 1679 960 1713 telos
982 1690 1105 1714 macru
1125 1680 1189 1715 biu
1211 1680 1288 1714 VP
1360 1685 1402 1716 57
1430 1681 1484 1716 in-

131 1726 216 1761 tum
244 1727 277 1761 V
301 1726 354 1770 (in
379 1727 445 1761 del.
475 1725 537 1770 V2)
562 1726 566 1772 Ι
595 1725 658 1769 qui
686 1725 719 1759 V
742 1737 814 1769 quo
842 1726 878 1761 P
948 1731 991 1761 58
1019 1727 1147 1762 solono
1176 1727 1212 1761 P
1232 1728 1236 1771 Ι
1259 1727 1393 1763 dixisse
1419 1728 1453 1763 V
1477 1728 1481 1774 Ι

132 1820 233 1844 creso
259 1808 296 1843 P
316 1811 319 1852 Ι
343 1793 478 1843 61111111ιῖ
506 1807 540 1842 V
607 1811 650 1843 58
677 1781 859 1851 piitacnm
887 1809 920 1852 (c
941 1809 988 1843 al.
1007 1809 1068 1853 ss.)
1095 1808 1130 1843 V
1199 1813 1242 1844 59
1264 1809 1365 1845 fama
1386 1810 1437 1844 ps

132 1859 176 1891 60
203 1855 368 1901 gisnosse
395 1855 430 1889 V
458 1855 624 1900 gisnosce
653 1855 701 1889 V²
726 1855 901 1899 gignosffie
925 1856 985 1901 ΡΙ
1017 1866 1127 1891 ceron
1155 1856 1229 1890 VP
1246 1857 1257 1901 Ι,
1279 1856 1361 1892 nori
1387 1856 1423 1891 V

132 1907 174 1938 61
203 1903 276 1948 set]
306 1902 363 1948 Vl
387 1913 514 1937 caeros
547 1901 581 1935 V
603 1913 705 1937 caros
733 1903 791 1947 ΡΙ
820 1903 851 1937 13
882 1902 914 1937 V
934 1903 938 1947 Ι
961 1903 1137 1948 tempesti
1163 1916 1277 1938 unum
1311 1904 1346 1938 V
1439 1909 1482 1939 62

129 1949 220 1984 Vias
254 1950 311 1993 V}
334 1949 484 1994 prienus
518 1949 552 1982 V
574 1949 724 1993 prineus
748 1949 783 1983 P
810 1951 813 1991 Ι
842 1951 959 1994 oeplis
945 1951 1160 1985 stoeoacoae
1186 1952 1311 1995 (oaooe
1337 1951 1385 1996 P)
1415 1951 1489 1986 VP

190 2000 233 2031 63
259 1996 452 2031 hominum
484 1995 570 2030 VPs
594 1995 762 2031 homines
790 1997 826 2031 P
897 2001 941 2031 64
968 1998 1038 2042 set]
1074 1998 1131 2042 Vl
1162 1998 1358 2044 inperitos]
1394 1997 1428 2032 V

131 2048 175 2079 65
201 2044 336 2079 melete
368 2045 407 2078 to
435 2053 508 2088 pan
540 2042 616 2076 VP
648 2046 652 2088 Ι
693 2043 731 2076 id
759 2044 842 2078 add.
864 2044 1005 2089 Peiper,
1031 2055 1096 2079 om.
1130 2044 1204 2079 VP
1297 2048 1340 2080 66
1372 2056 1482 2090 posse

132 2091 264 2136 Peoe'per
291 2101 370 2125 esse
402 2090 480 2124 VP
574 2094 617 2124 67
651 2090 791 2125 ariston
824 2092 967 2126 metron
1002 2091 1074 2124 VP
1105 2095 1109 2133 Ι
1151 2091 1245 2126 dixit
1271 2092 1434 2137 Scaliqev
1476 2093 1479 2134 Ι

129 2137 282 2173 Lindius
314 2137 481 2183 Vyoletus
506 2136 618 2171 lidius
652 2137 687 2170 V
711 2137 747 2182 ly
751 2137 854 2172 odius
883 2138 919 2171 P
1014 2142 1057 2173 68
1085 2138 1284 2173 Cleobulus
1315 2139 1483 2183 Vyoletus

130 2185 320 2220 cleobolus
357 2185 388 2218 V
411 2183 613 2219 oleoboilus
642 2184 678 2218 1>
704 2186 708 2228 Ι
725 2150 904 2219 5obtimus
938 2185 986 2219 V¹
1084 2190 1126 2220 69
1153 2186 1274 2220 tahles
1306 2185 1353 2219 Vl
1386 2189 1389 2230 Ι
1425 2188 1482 2221 sel:

130 2233 213 2267 add.
242 2232 390 2276 Peipe-r,
416 2242 481 2266 om.
518 2231 593 2265 VP
623 2234 627 2274 Ι
663 2242 804 2276 engyea
830 2232 1010 2276 paradata
1041 2232 1114 2266 VP
1135 2243 1224 2268 corr.
1255 2233 1422 2278 Vyoletus

131 2283 174 2314 70
201 2280 289 2322 quia
317 2279 351 2313 V
374 2279 472 2322 quod
499 2278 556 2323 Pp
584 2280 668 2322 (que
698 2279 761 2323 ΡΒ)
791 2280 794 2322 Ι
830 2290 912 2323 pres
940 2281 996 2314 est
1028 2279 1061 2314 V
1084 2282 1233 2324 praesto
1260 2282 1317 2315 est
1342 2280 1379 2314 P
