1563 2511
568 134 614 139 —
681 121 838 151 LXXXV
905 134 953 138 —

176 223 219 257 V.
260 214 501 269 Sulpicia.
534 215 620 256 uid.
645 214 798 269 Peiper
823 214 993 256 Ueberl.
1019 229 1059 268 p.
1085 214 1183 257 251.
1215 214 1433 256 Baehrens

87 273 215 316 PLM
248 274 286 315 V
312 274 365 316 91
389 288 478 328 sqq.

176 332 338 374 XXIII.
385 333 489 374 satis
528 332 578 373 de
616 332 682 373 his
722 330 1097 386 epigrammatis*)
1131 331 1290 373 dictum
1322 346 1434 374 coni-

87 392 366 433 mentationis
399 406 518 433 meae
551 406 641 445 cap.
668 390 732 432 III
764 407 803 446 p.
831 390 1079 432 226—256.

470 526 744 570 Palaeotypa
775 526 1050 562 Ausoniana.

176 590 239 632 De
285 591 471 632 editione
510 591 702 644 principe
742 590 1131 631 Bartholomaei
1170 588 1435 631 Girardini

95 649 268 691 Venetas
293 652 407 691 1472
438 649 522 690 uid.
553 665 593 704 p.
620 649 797 690 LXXII.

175 708 285 750 Eam
325 709 581 763 sequebatur
613 708 937 749 Mediolcmensis
967 721 1005 748 α.
1036 711 1147 749 1490
1179 709 1325 748 curata
1357 707 1434 748 sub

92 767 266 821 Georgii
310 767 500 808 Merulae
545 767 747 821 auspiciis
793 767 845 808 ab
887 766 1018 808 Iulio
1058 766 1279 808 Aemilio
1318 765 1436 806 Fer-

86 826 224 867 rario
270 826 385 879 typis
431 824 860 867 Scinzenzellerianis.
923 826 973 866 de
1018 840 1101 880 qua
1146 825 1258 880 quod
1302 839 1437 878 nuper

89 885 264 938 scripsit
283 884 543 926 Domenicus
565 883 734 926 Carutti
761 882 832 940 (de
854 885 1039 925 editione
1062 883 1241 925 Ausonii
1263 898 1298 925 a.
1323 883 1436 924 1490

87 958 111 984 a
143 942 476 984 Scinzenzellero
508 943 818 984 Mediolanensi
850 943 1060 997 impressa
1093 945 1135 984 et
1167 943 1215 983 de
1250 942 1435 983 editione

87 1001 255 1043 Veneta
299 1002 401 1043 anni
443 1003 573 1055 1496,
617 1003 677 1042 in:
721 1001 930 1042 Memoria
975 1002 1086 1042 della
1123 1017 1155 1042 r.
1195 1001 1436 1042 accademia

91 1060 197 1102 delle
238 1061 401 1102 scienze
436 1061 478 1102 di
514 1060 672 1102 Torino
699 1060 753 1101 H.
786 1061 891 1102 serie
925 1063 953 1102 t.
987 1061 1041 1102 28
1076 1075 1115 1114 p.
1141 1060 1196 1101 23
1220 1058 1317 1115 sq.),
1356 1074 1435 1114 ego

93 1134 178 1160 non
222 1119 321 1161 uidi.
376 1120 421 1160 in
467 1135 515 1160 ea
553 1119 773 1160 Ferrarius
819 1134 982 1160 errores
1026 1119 1192 1173 aliquot
1230 1119 1436 1172 principis

87 1178 285 1219 editionis
327 1178 581 1233 castigauit‚
617 1192 753 1232 pauca
792 1178 982 1219 carmina
1016 1178 1191 1219 meliore
1223 1177 1334 1218 libro
1369 1177 1438 1217 ad-

86 1237 202 1278 iutus
242 1238 499 1279 correctiora
531 1237 681 1290 edidit,
721 1236 901 1278 Vrbium
934 1237 1177 1291 fragmenta
1211 1251 1259 1277 ex
1293 1236 1436 1277 codice

88 1295 126 1338 S.
159 1295 384 1350 Eustorgii
416 1296 622 1337 adiunxit.

178 1355 375 1409 Repetita
413 1357 478 1395 est
514 1355 619 1396 haec
660 1354 791 1396 editio
827 1354 1002 1396 Venetc'is
1027 1357 1137 1395 1404
1176 1354 1437 1407 tertiumque

90 1416 132 1454 et
176 1414 322 1454 multis
367 1413 472 1454 locis
518 1418 752 1455 correctam
798 1416 840 1454 et
882 1413 1117 1454 auctiorem
1162 1427 1255 1453 eam
1296 1412 1438 1453 emisit

86 1471 432 1526 Hieronymus
454 1472 709 1514 Auantius
738 1472 912 1514 Venetiz's
931 1475 1064 1514 1496:
1097 1486 1197 1512 nam
1225 1471 1437 1526 epigram-

86 1535 204 1571 mata
230 1530 391 1584 XVIII,
423 1531 604 1572 Ausonii
638 1545 746 1585 quae
782 1545 874 1572 esse
901 1531 1167 1584 uidebantur,
1201 1545 1225 1571 a
1251 1530 1435 1571 Bartho-

87 1589 254 1631 lomaeo
293 1589 461 1631 Merula
506 1593 727 1644 acceperat
768 1590 944 1631 inuenta
982 1564 1274 1643 superioiibus
1313 1589 1438 1630 annis

87 1647 319 1690 Mediolani
360 1649 412 1689 ab
445 1648 673 1690 Francisco
707 1648 867 1690 Nursio
906 1652 1034 1702 poeta
1065 1647 1303 1689 Veronensi
1336 1646 1438 1702 (uid

88 1707 199 1748 infra
231 1723 271 1761 p.
297 1708 438 1748 419*
390 1706 565 1764 *4.27)
616 1711 743 1762 atque
782 1708 892 1749 hanc
926 1708 1168 1761 spuriorum
1201 1707 1437 1747 carminum

89 1766 242 1807 seriem
289 1764 409 1820 (nam
452 1770 623 1820 praeter
667 1781 798 1807 unum
841 1780 967 1807 nemo
1013 1766 1095 1807 fuit
1135 1766 1325 1807 omnium
1365 1765 1437 1818 qui

89 1825 282 1866 Ausonio
329 1840 503 1879 operam
548 1828 780 1879 nauarunt,
824 1826 890 1866 cui
932 1839 1019 1866 non
1064 1825 1338 1879 probauerim
1383 1824 1437 1864 ab

89 1884 281 1925 Ausonio
315 1898 491 1937 prorsus
525 1885 688 1925 alienos
721 1885 799 1926 hos
832 1884 944 1925 fetus
979 1898 1070 1925 esse
1104 1884 1164 1925 eis
1192 1897 1299 1937 quae
1326 1897 1437 1924 com-

88 1942 367 1984 mentationis
395 1957 513 1984 meae
540 1944 679 1997 capite
700 1942 763 1984 III
784 1958 823 1997 p.
841 1942 1075 1984 226—256
1102 1939 1297 1997 exposui)
1320 1942 1438 1983 auxit

87 2059 207 2093 densis
239 2058 334 2093 Scal.
366 2057 395 2103 Q
422 2061 465 2092 61
506 2057 704 2103 (Scaligeri
741 2069 853 2092 manu
888 2058 1095 2102 descriptus
1127 2068 1172 2092 ex
1203 2057 1437 2101 Cuiaciano>3

86 2105 249 2140 nondum
276 2105 404 2140 collati
430 2104 556 2140 SGall.
578 2108 654 2141 248
687 2105 839 2140 ῘῘίηιΖοΖ).
863 2108 932 2140 143
959 2117 986 2139 s.
1007 2104 1104 2139 XIII.

183 2152 214 2195 ²⁵²)
243 2163 368 2187 eorum
395 2163 480 2196 pars
507 2163 551 2187 ex
571 2153 708 2186 Aldina
734 2152 899 2187 editione
927 2152 1115 2196 descripta
1140 2152 1278 2196 legitur
1298 2151 1335 2185 in
1356 2150 1436 2185 cod.

89 2199 333 2234 Ambrosiam
362 2199 398 2232 P
415 2202 464 2234 53
483 2211 561 2244 sup.
590 2200 708 2234 chart.
738 2212 764 2235 s.
785 2199 870 2233 XVI
899 2202 997 2244 (cum
1018 2199 1175 2233 Vrbium
1202 2198 1373 2242 catalogo
1401 2201 1438 2231 et

89 2245 282 2290 Epistulae
309 2245 356 2281 ad
387 2246 558 2281 Ursulam
584 2259 643 2281 uu.
672 2251 811 2281 14—24
837 2249 875 2281 et
901 2247 981 2281 ueii
1008 2246 1161 2281 Ausonii
1187 2246 1435 2290 epigramma-

89 2292 409 2374 tis)XeXtVPIaIrisino
429 2296 530 2329 8284
558 2293 662 2338 (011111
684 2294 918 2337 Telleriano).
946 2294 991 2329 cf.
1014 2294 1158 2328 Ueberl.
1182 2297 1248 2327 279
1276 2290 1437 2326 Schenkl

88 2350 123 2382 p.
248 2341 261 2374 1
323 2352 356 2375 n.
381 2345 433 2375 14.
