1563 2511
634 56 951 98 —460—

174 163 357 196 170-185
386 160 477 196 Stat.
506 160 540 195 S.
567 161 600 195 ΙΙ
626 164 658 204 2,
687 163 872 195 100-106
905 171 1014 204 saepe
1047 170 1113 204 per
1145 160 1364 194 autumnum
1395 160 1470 194 iam

268 208 494 253 pubescente
521 208 645 252 Lyaeo
673 207 887 243 conscendit
914 207 1084 252 scopulos
1110 207 1304 251 noctisque
1325 206 1472 242 occulta

268 255 335 290 sub
360 255 492 289 umbra
511 255 665 300 palmite
691 256 836 290 maturo
862 254 1028 289 rorantia
1056 254 1197 288 lumina
1217 254 1323 288 tersit
1342 253 1472 289 Nereis

269 303 307 337 et
332 301 458 337 dulces
485 302 611 347 rapuit
631 302 675 337 de
697 302 853 337 collibus
874 313 975 337 uuas.
1015 312 1123 346 saepe
1145 302 1182 336 et
1201 300 1324 336 uicino
1345 312 1474 346 sparsa

270 351 325 384 est
357 349 546 384 uindemia
577 348 691 385 fluctu
725 352 762 384 et
795 348 918 392 Satyri
951 348 1116 384 cecidere
1148 348 1254 382 uadis
1286 348 1471 392 udamque

269 407 333 442 per
358 397 476 431 undas
502 396 643 431 Dorida
669 396 836 431 montani
863 396 1057 441 cupierunt
1082 395 1259 440 piendere
1285 395 1414 431 Panes.

176 447 241 478 177
269 443 375 480 Ouid.
403 444 487 478 Her.
516 443 585 478 IIII
614 448 678 479 171
706 445 956 495 montanaque
981 443 1134 477 numina
1160 443 1288 478 Panes.

269 490 409 535 Vergil
438 490 478 525 G.
506 490 522 524 Ι
550 495 592 525 10
619 490 831 535 praesentia
856 490 1008 525 numina
1034 489 1162 524 Fauni.

272 539 305 576 (I
331 538 399 583 Ep.
426 537 530 572 XHII
556 541 598 572 21
626 538 811 582 paganica
836 537 976 590 lumina
1001 537 1142 572 taedas.

272 585 304 622 (1
330 550 418 620 V1b.
447 589 513 619 115
541 595 763 629 paganaque
790 583 942 619 numina
968 585 1000 619 V
1004 585 1113 619 olcas.
1153 584 1197 619 cf.
1228 583 1259 620 (i
1280 583 1437 619 Piffaefat
1457 582 1474 616 I

272 634 368 677 (470)
396 636 438 666 21
468 631 693 675 Aquitanica
718 632 877 675 nomina,
905 632 1053 666 multos.

183 683 249 715 178
277 679 416 724 Vergil.
444 678 484 713 G.
513 678 580 713 1111
606 683 674 714 426
707 678 870 713 medium
898 679 952 713 sol
984 679 1113 723 igneus
1141 678 1266 713 orbem
1292 678 1475 713 hauserat.

271 726 411 771 Vergil.
434 727 464 760 A
484 726 571 761 VIII
597 730 640 761 97
669 726 725 761 sol
751 725 914 760 medium
941 726 1036 760 caeli
1063 725 1327 760 conscenderat
1345 726 1476 770 igneus

270 774 406 808 orbem.

276 820 430 865 (Vergil.
448 820 488 855 G.
504 820 520 854 Ι
536 824 603 855 232
622 831 689 864 per
709 820 880 855 duodena
894 820 992 865 regit
1005 819 1134 854 mundi
1151 820 1206 855 sol
1221 830 1351 855 aureus
1365 820 1477 854 astra.

275 867 415 912 Vergil.
442 867 574 903 (3011ss
600 870 643 902 51
678 867 742 902 ubi
774 868 919 912 pulsam
952 867 1110 902 hiemem
1138 867 1192 902 sol
1219 878 1349 902 aureus
1375 866 1478 911 egit.)

276 915 307 952 (I
336 915 398 949 Sol
425 925 576 949 aureus:
603 914 679 949 Ecl.
708 919 740 959 8,
769 918 799 949 5.
830 918 883 958 16,
913 919 943 949 7.
973 918 1025 949 15.

182 966 247 997 183
276 962 320 997 cf.
349 962 412 997 Sil.
440 963 521 996 Ital.
550 962 582 995 V
611 966 652 996 17
675 974 753 1006 sqq.

179 1013 244 1045 185
272 1008 379 1044 Ouid.
406 1009 454 1044 M.
475 1009 491 1042 I
519 1013 584 1044 107
612 1009 797 1053 Panaque,
826 1020 908 1043 cum
935 1019 1106 1053 prensam
1133 1008 1202 1043 sibi
1224 1008 1299 1042 iam
1321 1007 1479 1053 Syringa

272 1059 430 1101 putaret,
452 1067 604 1101 corpore
624 1067 690 1100 pro
711 1057 896 1100 nymphae
916 1056 1079 1091 calamos
1099 1055 1263 1091 tenuisse
1282 1056 1479 1100 palustres,

179 1107 244 1140 189
273 1104 365 1138 Stat.
400 1104 434 1139 S.
469 1105 484 1138 Ι
518 1107 555 1147 3,
591 1107 634 1138 17
669 1114 822 1138 nemora
856 1104 934 1138 alta
967 1103 1090 1138 citatis
1123 1102 1322 1138 incubuere
1354 1102 1477 1145 uadis3

272 1150 386 1186 fallax
419 1152 614 1195 responsat
639 1150 764 1196 imago
791 1151 982 1186 frondibus
1009 1152 1045 1185 et
1071 1151 1201 1195 longas
1228 1150 1357 1185 eadem
1382 1149 1480 1195 fugit

273 1198 371 1232 unda
397 1209 462 1242 per
487 1198 648 1233 umbras.

179 1249 246 1280 190
274 1245 366 1280 Stat.
392 1245 427 1279 S.
449 1245 483 1278 Π
503 1249 535 1289 2,
563 1249 607 1280 48
629 1256 711 1279 cum
732 1245 807 1279 iam
828 1245 926 1280 fessa
946 1245 1024 1279 dies
1046 1247 1083 1280 et
1101 1245 1140 1279 in
1161 1255 1322 1288 aequora
1341 1244 1476 1279 montis

274 1293 382 1337 opaci
408 1293 542 1326 umbra
567 1293 669 1327 cadit
696 1292 888 1336 uiti-eoque
915 1293 1049 1327 natant
1075 1293 1262 1337 praetoria
1286 1293 1412 1337 ponto.

180 1344 247 1375 201
277 1340 309 1376 (I
336 1339 401 1385 Ep
430 1339 551 1374 XVIII
579 1343 620 1374 13
650 1340 768 1374 anites
796 1366 802 1373 .
826 1367 832 1373 .
855 1369 861 1375 .
889 1339 1108 1384 remipedes.

179 1391 292 1422 201—
300 1391 367 1422 204
403 1386 638 1421 Ermenricus
678 1388 792 1432 epigr.
833 1391 876 1421 75
898 1398 976 1431 sqq.
1015 1386 1222 1431 remipedes
1259 1386 1382 1421 medio
1421 1384 1480 1420 cui

274 1435 419 1469 certant
444 1434 593 1468 flumine
620 1434 734 1468 lembi
761 1434 799 1467 et
824 1434 947 1469 uarios
972 1434 1103 1468 ineunt
1128 1433 1242 1468 flexus
1268 1433 1480 1476 uiridesque

273 1493 339 1526 per
365 1492 447 1517 oras
474 1481 665 1526 stringunt
691 1481 849 1516 attonsis
876 1481 1055 1525 pubentia
1080 1481 1248 1526 germina
1274 1480 1402 1525 pratis.

183 1533 258 1564 196.
276 1532 342 1563 198
364 1527 507 1563 Plinius
527 1528 595 1573 Ep.
618 1528 700 1562 VIII
721 1531 753 1571 8,
779 1532 801 1563 4
826 1528 929 1573 ripae
956 1527 1163 1573 (Clitumni)
1185 1528 1328 1563 fraxino
1348 1527 1478 1572 multa,

274 1576 392 1611 multa
412 1575 551 1620 populo
572 1575 793 1619 uestiuntur‚
815 1587 906 1619 quas
926 1575 1142 1620 perspicuus
1157 1575 1275 1610 amnis
1289 1576 1331 1609 ut
1345 1585 1481 1609 mersas

274 1623 386 1658 uiridi
411 1623 575 1668 imagine
601 1623 831 1658 adnumerat.

182 1674 250 1705 205
277 1671 415 1715 Vergil.
443 1671 488 1704 A.
518 1669 584 1704 VH
611 1674 678 1705 382
705 1670 936 1715 inpubesque
961 1682 1101 1705 manus.

181 1722 249 1752 209
277 1717 417 1763 Vergil.
446 1719 487 1752 A.
514 1717 584 1751 IIII
607 1721 672 1752 143
701 1718 820 1761 qualis
850 1717 941 1752 ubi.
964 1745 971 1753 .
994 1717 1157 1762 Apollo
1187 1719 1251 1751 147
1279 1716 1359 1761 ipse
1384 1715 1481 1761 iugis

274 1765 410 1810 Cynthi
436 1764 614 1809 graditur.

182 1816 250 1847 206
277 1811 417 1857 Vergil.
433 1792 473 1846 Ε.
489 1811 614 1846 V1117
636 1812 837 1857 posthabui
857 1813 983 1847 tamen
1002 1811 1151 1846 illorum
1170 1821 1254 1845 mea
1270 1810 1365 1846 seria
1380 1809 1481 1846 ludo.

182 1863 246 1893 211
276 1858 405 1894 Horat.
421 1859 488 1904 Ep.
500 1861 517 1893 I
533 1862 586 1902 18,
609 1863 650 1894 61
673 1859 834 1904 partitur
854 1860 994 1903 lyntres
1015 1858 1208 1901 exercit-us,
1228 1858 1338 1893 Actia
1357 1868 1484 1903 pugna

278 1907 315 1940 te
343 1907 435 1941 duce
461 1918 527 1951 per
552 1917 685 1950 pueros
707 1905 835 1941 hostili
857 1917 957 1942 more
977 1906 1145 1950 refertur,
1172 1905 1405 1940 aduersarius
1427 1906 1485 1940 est

276 1954 400 1996 frater,
427 1953 529 1988 lacus
556 1953 705 1987 Hadria.

325 2001 463 2045 Vergil.
497 2002 539 2035 A.
573 2000 659 2034 VIII
693 2003 760 2035 675
792 2000 830 2034 in
862 2000 986 2035 medio
1019 2000 1145 2035 classis
1178 2000 1340 2042 aeratas,
1371 1998 1482 2034 Actia

276 2048 392 2091 bella,
432 2059 580 2082 cernere
619 2048 699 2082 erat
735 2048 930 2092 totumque
968 2048 1148 2082 instructo
1181 2046 1298 2081 Marte
1334 2045 1481 2081 uideres

274 2095 416 2130 feruere
444 2095 642 2129 Leucaten.

326 2143 417 2177 Stat.
446 2141 478 2177 S.
506 2141 557 2175 ΠΙ
585 2145 615 2185 1,
646 2145 711 2176 150
739 2142 777 2176 et
800 2141 958 2176 Lucrina
984 2141 1118 2176 Venus.

331 2189 543 2234 Symmachi
562 2189 630 2233 Ep.
658 2188 673 2222 Ι
694 2192 713 2223 8
741 2187 851 2223 simul
877 2189 1023 2224 innatat
1051 2187 1194 2223 choreis
1220 2186 1482 2223 Amathusium

277 2237 447 2272 renidens
475 2265 481 2271 .
510 2265 516 2271 .
546 2265 552 2272 .
580 2235 708 2271 Dione.

183 2288 252 2320 215
280 2283 432 2319 Sueton.
465 2285 559 2328 Aug.
590 2288 632 2319 16
664 2294 732 2319 1100
762 2284 901 2318 temere
933 2283 1041 2328 plura
1073 2293 1113 2317 ac
1146 2282 1288 2318 maiora
1318 2280 1484 2327 pericula

276 2331 353 2366 ullo
381 2332 454 2366 alio
482 2332 580 2366 bello
607 2330 710 2366 adiit.
