1563 2511
633 43 949 85 —328—

117 150 298 191 ldmona
331 149 443 204 quod
475 151 638 200 uatem,
671 149 881 191 medicum
915 149 1027 204 quod
1059 149 1225 205 Iapyga
1258 150 1422 193 dicunt:

177 209 415 250 Discendas
450 211 565 250 artes
597 209 775 250 nomina
807 208 1102 264 praeueniunt.

116 268 175 309 Et
207 270 254 309 tu
287 268 348 308 sic
379 267 542 309 Meroe:
573 282 660 309 non
693 267 807 322 quod
840 268 898 309 sis
933 270 1028 309 atra
1061 268 1219 321 colore,

176 326 237 368 Vt
270 340 377 381 quae
410 326 580 368 Niliaea
611 327 803 368 nascitur
834 327 879 368 in
910 326 1075 368 Meroe:
1424 338 1467 370 10

116 385 312 427 Infusum
346 386 417 427 sed
450 385 561 440 quod
594 385 743 426 uinum
776 400 862 427 non
896 385 1024 427 diluis
1057 386 1194 439 undis,

177 444 333 486 Potare
366 444 596 486 inmixtum
631 447 752 486 sueta
784 459 1032 499 merumque
1066 459 1242 487 merum.

45 586 136 611 XL11
157 586 241 618 [xm]
262 572 325 607 EX
347 571 538 607 GRAECO
566 571 867 607 TRADVCTVM
893 572 955 606 DE
984 571 1174 607 STATVA
1199 571 1420 608 NEMESIS.

117 657 185 698 Me
217 657 404 711 lapidem
437 656 651 710 quondam
684 656 838 698 Persae
872 656 1097 709 aduexere,
1130 659 1354 712 tropaeum

178 715 237 756 Vt
268 716 413 757 fierem
444 716 579 757 bello:
612 730 726 756 nuno
759 729 837 769 ego
873 730 967 756 sum
999 714 1210 758 Nemesis.

119 776 182 816 Ao
215 775 326 816 sieut
359 773 532 816 Graecis
566 774 803 816 uictoribus
837 774 960 816 adsto
992 776 1237 829 tropaeum,

176 833 313 876 Punio
349 833 409 874 sio
441 833 593 874 Persas
627 833 883 888 uaniloquos
917 832 1127 875 Nemesis.

47 950 154 976 XLIII
176 951 299 981 [xxnu]

165 996 228 1031 DE
257 996 582 1032 THRASYBVLO
610 996 995 1032 LACEDAEMONIO
1024 997 1107 1039 QVI
1133 996 1421 1032 FORTISSIME

532 1043 765 1079 DIMICANS
794 1043 1043 1079 OCCVBVIT.

118 1116 292 1170 Excipis
327 1116 507 1158 aduerso
543 1116 656 1171 quod
688 1119 859 1171 pectore
891 1117 1069 1158 uulnera
1103 1120 1286 1172 septem,

180 1176 312 1216 Arma
345 1189 473 1229 super
505 1176 673 1217 ueheris
707 1175 838 1231 quod,
871 1175 1160 1229 Thrasybule,
1194 1179 1286 1230 tua,

213 1267 313 1302 XLII
349 1268 500 1304 Anthol.
528 1267 613 1302 XVI
639 1272 708 1303 263
736 1266 888 1312 ἄδηλον.
928 1267 981 1307 εἰς
1007 1266 1184 1312 Νέμεσιν.

117 1316 198 1350 Καί
221 1314 332 1360 (Πρὶν
354 1316 555 1358 Benmlorf
574 1326 617 1351 ex
642 1316 809 1351 Ausonio
836 1326 925 1350 corr.
930 1318 940 1359 )
974 1328 1036 1371 με
1051 1317 1162 1350 λίθον
1189 1314 1332 1359 Πέρσαι
1361 1312 1469 1359 δεῦρ’

827 1360 987 1406 ἤγαγον,
1017 1358 1118 1407 ὄφρα
1145 1361 1328 1407 τρόπαιον

190 1407 386 1453 στήσονται
416 1410 538 1450 νίκας·
567 1408 642 1453 εἰμι
669 1408 710 1444 δὲ
738 1411 808 1444 νῦν
836 1408 1009 1454 Νέμεσις

116 1453 350 1502 Ἀμφοτέροις
376 1453 412 1490 δ’
443 1456 579 1500 ἕστηκα
607 1457 670 1491 καὶ
690 1455 904 1500 Ελλήνεσσι
930 1455 1111 1500 τρόπαιον

189 1504 297 1543 νίκας
323 1504 386 1538 καὶ
409 1502 573 1547 Πέρσαις
600 1505 664 1539 τοῦ
693 1503 857 1548 πολέμου
884 1503 1042 1549 νέμεσις.

213 1562 330 1597 XLIII
356 1561 507 1597 Anthol.
534 1561 610 1597 Pil.
638 1561 799 1596 V11229
840 1574 1072 1597 AIOCKOPIon

122 1610 178 1658 Τᾷ
198 1607 355 1666 Πιτάνᾳ
384 1607 647 1667 Θρασύβουλος
674 1606 734 1644 ἐπ’
764 1607 921 1649 ἀσπίδος
947 1607 1090 1654 ἤλυθεν
1118 1606 1278 1653 ἄπνους,

192 1653 285 1692 ἔπτὰ
312 1655 407 1713 πρὸς
430 1654 599 1701 Ἀργείων
626 1656 822 1700 τραύματα
848 1654 1068 1713 δεξάμενος,,

120 1702 284 1744 Δεικνύς
309 1701 422 1738 α’ντιά
448 1702 588 1738 πάντα·
616 1701 682 1738 τὸν
709 1701 745 1738 δ’
776 1702 1002 1755 αἴμοιτόεντα
1030 1702 1066 1738 ὃ
1097 1701 1115 1738 ὃ
1144 1703 1305 1751 πρέσβυς

190 1749 299 1786 παῖδ’
328 1748 389 1786 ἐπὶ
415 1748 613 1809 πυρκαιὴν
634 1750 817 1795 Τύννιχος
844 1749 924 1786 εἷπε
952 1753 1089 1791 τιθείς·

121 1799 263 1833 ‘Amol
292 1796 566 1833 κλαιέσθωσαν·
598 1796 668 1842 ἐγώ
697 1797 738 1833 δέ
766 1811 803 1833 σε
850 1799 1000 1843 τέκνον,
1027 1795 1194 1842 omniumg-

190 1844 327 1888 θάψω,
355 1843 419 1880 τὸν
445 1845 508 1880 καὶ
538 1843 627 1890 ἐμὸν
654 1845 716 1880 καὶ
743 1844 1072 1891 Λακεδαιμόνιον]

120 1893 165 1928 cf.
193 1893 385 1927 Plutarchi
412 1893 591 1938 apophth
619 1893 891 1929 Lac.ua1.48.

216 1979 233 2009 7
261 1975 465 2010 medievm:
496 1988 515 2010 v
536 1986 579 2010 em
601 1986 620 2010 o
646 1976 703 2010 uel
728 1986 750 2010 a
779 1975 810 2008 T
831 1976 835 2020 l
858 1975 985 2020 iapiga
1012 1976 1045 2010 Ζ
1080 1976 1209 2020 Iapida
1235 1975 1423 2011 Aua-atius

120 2027 162 2057 11
190 2019 357 2056 mondili’
385 2023 511 2067 (marj.
539 2023 584 2057 al.
616 2034 686 2066 ..pu
710 2024 714 2066 1
738 2034 811 2057 non
837 2021 964 2067 diluis)
995 2023 1027 2057 T
1126 2027 1166 2057 12
1194 2023 1408 2068 inmixtum]
1437 2023 1469 2058 G

215 2081 314 2115 XLII
342 2082 450 2116 inser.
478 2082 510 2115 G
537 2081 590 2115 Ex
618 2092 727 2125 greco
757 2082 804 2115 M
829 2092 893 2116 om.
925 2081 956 2114 1
1053 2086 1069 2115 1
1097 2083 1319 2126 trophaeum
1344 2082 1379 2116 Z

120 2133 151 2164 2.
180 2133 212 2163 4.
240 2127 425 2163 nemensis
455 2129 502 2162 M
575 2133 594 2163 3
621 2130 661 2163 ab
690 2128 722 2164 G
745 2129 748 2173 Ι
772 2130 852 2163 asto
881 2129 939 2172 ΖΙ
962 2129 1183 2173 trophaeum
1214 2129 1285 2164 TG
1357 2133 1379 2163 4
1405 2140 1468 2164 ua-

117 2176 259 2211 niloeos
287 2175 335 2210 M

213 2234 331 2269 XLIII
356 2235 465 2269 inser.
494 2234 526 2269 G
553 2244 618 2268 om.
646 2234 732 2268 TM
827 2238 844 2268 1
873 2235 1026 2269 uolnera
1054 2235 1103 2269 M
1174 2238 1193 2269 2
1221 2234 1358 2269 uehens
1389 2235 1436 2269 M
1463 2235 1466 2280 Ι

118 2282 325 2317 thrasibule
355 2281 403 2315 M
432 2281 627 2316 trasibulle
655 2281 688 2315 T
