1563 2511
598 84 644 90 —
710 72 835 102 LXXV
903 85 950 90 ·—

103 177 177 201 non
195 165 320 200 nullae
339 163 556 219 incipiunt
537 166 556 182 ‘
583 164 623 198 in
642 164 730 207 flue:
756 163 882 207 ,,τέλος
903 163 971 199 σὺν
992 166 1040 210 τῷ
1061 166 1140 200 θεῶ
1157 163 1229 199 υπό
1245 166 1444 199 νεανίσκου

104 210 205 252 τινὸς
234 212 352 257 [νεαν.
373 208 476 250 τινὸς
501 211 542 245 in
566 221 638 245 aas.
666 211 712 245 al.
739 221 798 267 m„
823 212 933 246 deleto
958 215 999 246 ut
1024 214 1100 247 md.
1127 213 1266 248 serzbae
1285 212 1443 257 nomine]

102 260 326 303 περουσίνου
358 257 568 303 γραφέντος
601 254 641 292 ἐν
667 258 708 304 τῇ
738 237 949 293 ὀυϊκεντῖᾱε
979 280 1019 283 -
1048 259 1199 294 Finiunt
1226 270 1269 294 ea
1293 258 1448 293 Ausonii

103 306 328 350 Fragmenta
360 316 455 349 quae
486 305 613 340 inuida
645 306 777 339 cuncta
809 306 1006 340 corrodens
1039 308 1205 340 uetustas
1238 306 1286 340 ad
1317 316 1447 341 manus

103 354 248 388 nostras
269 353 393 387 uenire
414 352 618 397 peimisitf‘
641 352 701 397 [cf.
724 352 773 398 G]
796 353 1000 387 Ausonium
1027 353 1193 397 sequitur
1212 352 1446 395 Pmdentius,

103 400 260 435 Serenus
282 399 548 434 Sammonicus.
586 399 661 434 alia
680 401 765 443 post
784 399 807 434 f.
825 403 844 433 5
866 400 1055 434 intercidit
1074 411 1187 434 unum
1208 399 1352 444 folium,
1373 411 1445 453 quo

103 447 389 482 continebantur
420 447 535 492 epigr
571 450 697 490 20,4—
706 449 762 490 24,
767 456 799 481 10
833 446 986 490 (ordinis
1011 448 1047 481 Z
1069 458 1179 491 supra
1204 448 1376 500 10001151);
1409 448 1446 481 111

101 494 218 539 epigr.
241 499 260 529 9
286 495 470 529 recentior
495 505 624 528 manus
644 504 792 528 1101511111
812 493 926 528 istum
947 494 1133 529 nouicium
1154 496 1233 537 „ost
1251 495 1352 529 iocus
1373 495 1446 538 etq.

103 553 130 576 s.
164 542 310 577 adiecit.
351 540 492 576 Graeca
524 542 640 577 uerba
671 541 796 576 omnia
826 540 1010 586 leguntur.
1062 541 1122 576 hic
1154 541 1270 577 codex
1294 541 1447 586 propius

102 589 149 623 ad
178 589 211 624 Τ
237 589 411 624 accedere
436 589 593 624 uidetur.

189 650 425 692 Patauium
467 651 595 693 eccles.
634 651 808 692 cathedr.
846 665 877 693 0.
916 654 982 693 64.
1021 652 1155 693 chart.
1195 666 1225 692 s.
1263 651 1345 692 XV
1385 666 1447 693 ex.

102 710 239 752 altera
270 725 370 764 pars
403 712 503 764 post
528 709 780 752 Maximiani
806 710 964 765 elegias
997 711 1026 751 f.
1049 710 1234 752 ‘If—26r
1265 710 1449 752 Ausonii

101 769 308 824 opuscula
335 784 360 810 a
388 768 515 810 Petro
543 768 747 811 Baroccio
774 769 955 824 patricio
982 769 1163 823 Veneto,
1191 770 1243 810 ab
1272 784 1308 810 a.
1336 770 1445 811 1497

102 829 304 883 episeopo
319 828 542 879 Patauino,
558 828 730 883 scripta,
745 829 857 882 quod
874 829 1052 870 aliorum
1071 828 1276 883 codicum,
1292 829 1446 883 quibus

100 888 174 928 ille
195 902 352 929 nomen
372 902 495 928 suum
517 887 784 941 subscripsit,
807 887 957 929 similis
980 888 1193 942 scriptura
1212 888 1368 941 prodit.
1393 912 1446 916 ——

99 960 238 1000 neque
276 946 500 1000 inscriptio
539 946 629 987 ulla
667 946 787 987 adest
824 961 962 1001 neque
998 946 1277 1000 subscriptio,
1316 947 1448 988 uerba

106 1004 271 1047 Graeca
302 1005 506 1060 leguntur
538 1004 694 1047 omnia.

188 1063 331 1105 Minus
358 1064 490 1105 etiam
518 1064 656 1105 bonae
681 1063 821 1118 frugis
850 1063 1109 1118 sperandum
1130 1065 1195 1105 est
1215 1078 1264 1104 ex
1285 1065 1446 1105 ceteris.

188 1122 589 1165 Ashburffleamensz's
619 1124 728 1165 1656
767 1121 906 1176 (Libri
949 1123 1080 1175 1732,
1125 1123 1228 1164 olim
1269 1122 1446 1165 Saiban-

99 1182 258 1236 tianus,
283 1197 396 1223 nunc
421 1181 751 1236 Laurentianus,
777 1182 953 1222 membr.
981 1196 1012 1222 s.
1033 1181 1242 1235 XIIIJXV
1267 1181 1359 1223 foll.
1381 1182 1448 1223 56.

99 1241 144 1282 in
176 1241 275 1282 fine:
312 1244 550 1289 „Expliciunt
569 1255 613 1279 ea
631 1243 786 1279 Ausonii
807 1244 1029 1289 fragmenta,
1053 1255 1148 1288 quae
1168 1244 1296 1279 inuida
1316 1246 1449 1279 cuncta

99 1303 298 1338 corrodens
317 1304 486 1338 uetustas
506 1303 554 1338 ad
573 1313 703 1337 manus
724 1304 870 1337 nostras
889 1303 1013 1338 uenire
1034 1302 1241 1347 permisit.“
1287 1298 1450 1341 Graeca

98 1358 231 1399 uerba
264 1358 424 1400 omissa
450 1373 474 1398 a
499 1358 677 1399 librario
705 1358 857 1412 spatiis
884 1358 1086 1399 indicatis
1114 1358 1332 1412 suppleuit
1358 1374 1448 1400 ma—

98 1431 179 1459 nus
212 1418 339 1471 paulo
372 1417 594 1459 recentior.
640 1417 944 1471 subscriptioni
974 1417 1166 1458 subiecta
1193 1419 1293 1458 sunt
1319 1432 1449 1458 manu

100 1490 131 1518 5.
152 1475 255 1517 XVI
275 1476 459 1518 Vrbium
478 1476 689 1517 nobilium
709 1476 952 1531 fragmenta
973 1490 1021 1516 ea
1042 1490 1149 1531 quae
1170 1476 1301 1517 habet
1321 1476 1450 1517 Tilia-

99 1549 179 1576 nus
220 1535 340 1576 liber.
398 1549 447 1576 ex
487 1535 670 1576 editione
708 1535 900 1589 principe
940 1535 1200 1589 descriptum
1237 1550 1326 1577 non
1359 1550 1450 1576 esse

102 1594 357 1648 scripturae,
389 1608 496 1648 quae
528 1595 809 1635 innotuerunt
841 1593 1108 1647 Schenkelio,
1141 1594 1450 1635 demonstrant.

196 1653 418 1694 Vaticanus
455 1655 567 1695 3152
610 1653 744 1694 chart.
788 1668 819 1694 s.
851 1652 932 1693 XV
971 1653 1062 1694 foll.
1100 1653 1167 1694 81.
1222 1655 1324 1707 post
1363 1653 1450 1694 Titi

100 1710 353 1766 Calphurnii
391 1710 523 1753 Siculi
561 1726 734 1753 carmen
771 1712 1030 1766 bucolicum,
1071 1710 1264 1765 Cipriani
1301 1726 1449 1753 uersus

101 1769 152 1826 (c.
179 1770 218 1811 V
246 1773 289 1812 et
314 1770 377 1811 VI
407 1770 606 1826 Hartel.),
637 1770 854 1812 Lactantii
880 1771 927 1812 de
951 1774 1042 1812 ortu
1072 1774 1108 1812 et
1132 1771 1241 1812 obitu
1259 1770 1449 1813 Foemcis

99 1843 282 1883 carmen,
323 1829 352 1871 f.
384 1829 555 1872 31—81
590 1829 806 1871 Ausonius
839 1829 1008 1884 legitur.
1065 1835 1242 1880 „Ausonii
1267 1836 1453 1881 Ponponii

99 1885 208 1921 Liber
233 1885 377 1921 Primus
409 1886 542 1931 incipit
570 1886 751 1921 feliciter“
779 1906 822 1912 —-
850 1885 1036 1931 „Explicit
1066 1886 1162 1921 liber
1186 1886 1341 1921 Ausonii
1366 1898 1450 1930 pro-

99 1942 251 1986 treptici
275 1938 420 1977 Pom'“.
460 1950 509 1977 ex
531 1935 706 1977 Graecis
733 1936 892 1977 omissa
919 1938 1019 1977 sunt
1037 1935 1117 1990 Ep.
1138 1935 1244 1977 VIII
1267 1936 1451 1989 14—45,

100 1993 250 2045 VIIII,
282 1993 322 2035 X
354 1994 539 2036 25—33,
601 2009 752 2036 manus
793 1995 928 2036 altera
966 1995 1077 2036 bono
1118 1995 1278 2049 codice,
1311 1995 1449 2049 qualis

102 2056 168 2094 est
205 2054 275 2105 M,
318 2068 396 2095 usa
433 2054 478 2094 in
523 2054 718 2108 margine
756 2053 910 2095 adiecit
944 2054 1094 2095 titulos
1134 2056 1176 2095 et
1214 2054 1449 2108 scripturas

101 2113 330 2153 nonnullas
364 2115 491 2166 atque
523 2113 569 2154 in
593 2115 714 2154 textu
738 2112 834 2168 ipso
862 2113 1070 2167 quaedam
1097 2113 1292 2154 correxit.
1334 2113 1449 2154 uide-

101 2173 298 2212 turcum
330 2171 381 2212 K
406 2175 614 2226 cognatus
647 2186 751 2212 esse

197 2229 418 2271 Vaticanus
438 2234 543 2272 1611
570 2230 702 2272 chart.
737 2246 767 2272 5.
788 2230 869 2271 XV
896 2230 1104 2272 1011220.
1148 2233 1247 2284 post
1273 2230 1451 2282 Proper-

105 2287 210 2330 tium
244 2292 287 2331 et
319 2289 537 2330 Tibullum
575 2304 599 2330 a
631 2290 774 2331 f.151
814 2289 975 2338 1οο··11111
1012 2289 1229 2330 Α1150111115
1270 2290 1451 2336 „Ausonii
