1563 2511
573 50 892 91 —367—

58 157 325 210 quorundam
341 157 632 197 sciscitatione
647 156 922 196 cumulatum.
954 155 1258 210 interrogatus,
1273 168 1397 208 quern

21 255 24 258 ,
55 216 241 269 priorem
280 215 525 256 decerneres
564 214 800 264 consulem,
838 224 926 254 NEC
959 225 1267 254 DVBITANDVM
1305 227 1397 254 esse

0 933 26 964 *7

57 274 201 315 dixisti
227 277 292 328 tu,
325 277 367 315 et
400 273 472 327 qui
504 276 644 314 tecum
676 272 779 313 boni
813 274 929 325 sunt,
962 272 1156 312 dubitare
1188 287 1274 313 non
1305 275 1397 325 pot-

56 336 187 373 erant.
250 332 321 373 sed
359 335 504 373 tamen
544 332 597 372 ad
635 331 716 372 hoc
756 331 915 371 dictum
955 333 1176 371 erexerant
1221 331 1398 384 animos,

56 391 126 445 qui
157 391 343 432 libenter
368 391 655 432 clarissimum
681 390 822 430 uirum
849 388 1058 443 collegam
1085 403 1239 442 meum,
1272 404 1397 443 quem
1417 399 1468 424 355

54 453 324 504 praesentem
361 449 552 491 habebat
597 449 780 501 occasio,
824 448 1064 501 praelatum
1110 448 1397 488 credidissent.

55 510 289 564 fatigantes
316 512 480 563 tamen,
514 508 627 562 quod
653 507 971 559 intellexerant,
1003 506 1287 560 requirebant.
1330 507 1398 546 hic

55 570 120 620 tu,
159 568 268 609 sicut
306 568 411 608 mihi
443 567 736 608 renuntiatum
770 568 849 619 est7
888 567 992 607 noto
1025 565 1098 606 illo
1131 565 1290 618 pudore
1323 568 1397 605 tuo

53 627 271 680 paulisper
309 626 489 668 haesisti
525 640 614 668 non
645 625 829 666 rationis
864 624 1108 678 ambiguus,
1148 624 1216 664 sed
1253 638 1398 664 eorum

55 685 367 726 dubitationem
395 686 516 726 uultu
544 688 586 726 et
611 685 765 725 rubore
790 683 1091 736 condemnans,
1119 682 1190 736 qui
1212 682 1398 723 studium
1419 694 1469 718 360

54 759 177 785 suum
209 744 579 798 interpretationis
612 757 753 784 errore
792 742 1039 796 palpabant.
1102 741 1250 782 deinde
1283 741 1397 781 illico

55 803 299 844 subdidisti:
346 815 457 853 Qvn)
492 815 552 843 DE
584 813 767 843 Dvossvs
802 811 1085 842 CONSVLIBVS
1118 811 1397 842 DESIGNATIS

54 873 321 915 QVAERITIS,
373 873 476 912 QVIS
523 872 648 903 ORDO
696 872 765 902 SIT
809 859 1210 901 NVNCVPATIONIS‘?
1272 870 1397 899 ANNE

54 932 188 962 Amvs
223 932 351 970 QVAM
385 933 511 970 QVEM
542 930 879 961 PRAEFECTVRA
913 917 1219 960 CONSTITVIT?
1253 932 1276 959 o
1308 917 1398 958 feli-

55 994 145 1021 cem
184 980 483 1021 uerecundiam
522 983 661 1031 tuam,
700 978 767 1020 cui
798 978 881 1018 ista
912 977 1134 1031 popularis
1166 976 1276 1017 ratio
1308 979 1397 1017 tam
1418 986 1469 1011 365

0 1051 39 1075 511
52 1039 283 1092 prudenter
309 1039 512 1080 occurrit!
542 1038 662 1079 scisti
689 1037 816 1091 aliud,
837 1036 1053 1088 Gratiam,
1079 1035 1192 1090 quod
1220 1035 1398 1076 diceres:

56 1098 126 1138 sed
171 1099 368 1154 propter
393 1097 657 1151 quorundam
698 1094 996 1136 uerecundiam
1035 1094 1172 1135 dicere
1210 1094 1399 1136 noluisti.

55 1157 307 1209 scopulosus
345 1156 415 1198 hic
453 1156 560 1197 mihi
591 1156 711 1196 locus
745 1157 809 1195 est
840 1157 883 1194 et
913 1156 1090 1207 propter
1124 1168 1234 1206 eam,
1273 1167 1398 1206 quam

4 1239 7 1241 ·
53 1229 287 1269 numquam
328 1215 535 1269 adpetiui7
574 1214 775 1269 gloriam,
814 1212 1086 1254 recusandus
1150 1226 1245 1253 cum
1283 1211 1400 1266 prior

54 1274 325 1315 renuntiatus
353 1275 450 1327 sim,
478 1274 582 1314 satis
610 1278 675 1314 est
700 1275 820 1313 tuum
846 1274 992 1312 tenere
1018 1270 1239 1312 iudicium:
1272 1270 1398 1310 inter·
1420 1279 1472 1304 370

54 1335 197 1388 pretes
230 1332 370 1373 ualete
403 1333 669 1374 meritorum.
724 1345 860 1384 neque
894 1332 1037 1370 autem
1071 1343 1170 1383 ego,
1203 1329 1400 1370 sacratis-

55 1391 161 1432 sime
199 1392 451 1445 impeiator,
490 1392 536 1432 in
568 1390 686 1432 tenui
724 1389 931 1431 beneficio
972 1389 1151 1443 gradum
1183 1402 1400 1441 nuncupa-

54 1450 185 1492 tionis
212 1450 457 1504 amplector.
508 1465 595 1491 non
624 1452 688 1491 est
713 1448 819 1490 haec
845 1448 984 1502 gloria
1010 1448 1160 1502 ignota
1188 1445 1398 1488 Ciceroni:

54 1512 294 1563 praetorem
321 1524 406 1563 me,
433 1510 590 1563 inquit,
619 1508 802 1562 populus
830 1507 1050 1548 Romanus
1078 1507 1263 1560 primum
1290 1505 1401 1559 fecit,

56 1569 274 1609 consulem
306 1569 501 1622 priorem.
555 1582 604 1608 ex
636 1567 732 1621 ipsa
765 1567 854 1607 eius
889 1565 1101 1606 sententia
1132 1565 1400 1619 intellegitur
1421 1573 1472 1598 375

55 1627 433 1668 commendabilius
472 1627 546 1667 uni
584 1626 721 1667 uideri
761 1639 885 1677 quam
924 1624 1118 1678 pluribus
1158 1637 1250 1664 esse
1282 1637 1400 1676 prae-

150 1735 218 1766 374
246 1731 372 1766 Cicero
399 1730 438 1764 in
463 1731 633 1765 Pisonem
657 1734 686 1771 1,
707 1733 746 1763 2:
773 1740 831 1763 me
854 1756 860 1762 .
878 1754 908 1762 ..
930 1729 1138 1772 praetorem
1164 1726 1324 1771 primum
1346 1754 1376 1761 ..
1394 1754 1399 1760 .

54 1779 213 1823 populus
234 1779 422 1812 Romanus
448 1777 612 1812 faciebat
638 1781 657 1811 3
684 1788 742 1811 me
765 1806 771 1812 .
795 1804 800 1810 .
825 1775 1026 1810 ,uniuersa
1052 1774 1184 1809 ciuitas
1211 1801 1218 1809 .
1241 1803 1247 1809 .
1271 1802 1277 1808 .
1304 1773 1401 1818 prio—

55 1837 132 1860 rem
160 1826 348 1860 consulem
376 1824 590 1859 declar-anit.

150 1913 216 1944 351
245 1907 490 1952 quorumdam
518 1907 549 1941 G
572 1908 577 1949 l
605 1904 833 1940 siscitatioue
863 1904 917 1948 ΤΙ
946 1905 1176 1948 interogatus
1204 1904 1239 1937 Z
1333 1906 1400 1937 353

57 1955 192 1991 dixisti.
220 1955 274 1990 Tu
301 1957 330 1990 ὣ
356 1954 421 1998 qui
449 1954 480 1988 T
564 1958 630 1988 357
658 1953 903 1987 intelexerant
927 1951 961 1986 G
1045 1954 1112 1985 358
1139 1950 1247 1996 mihi]
1274 1949 1348 1984 mei
1370 1950 1402 1984 G

104 2007 172 2038 360
198 2004 328 2038 robore
358 2003 391 2037 T
409 2013 465 2045 pr.
494 2012 520 2036 c.
545 2002 550 2044 1
585 2001 860 2044 condempnans
887 1999 934 2034 M
1004 2002 1071 2033 364
1098 1998 1191 2032 alius
1217 1997 1267 2031 M
1287 1998 1402 2032 alium

59 2050 157 2096 TG!
192 2050 363 2085 foelicem
394 2050 425 2083 T
448 2059 513 2083 om.
541 2048 575 2083 G
648 2051 715 2082 365
741 2046 1000 2082 uerecondiam
1030 2046 1063 2081 G
1136 2048 1203 2080 367
1232 2056 1402 2088 quorum-

59 2097 144 2132 dam
171 2097 241 2143 M!
264 2096 524 2132 uerecondiam
550 2095 583 2130 G
606 2097 611 2139 Ι
632 2094 786 2130 uoluisti
812 2094 845 2128 G
917 2097 985 2128 368
1013 2093 1247 2137 scrupulosus
1273 2093 1401 2126 Aman-

56 2146 130 2179 tius
203 2148 270 2179 369
297 2155 486 2187 nunquam
513 2143 546 2178 G
568 2145 573 2187 Ι
596 2142 762 2186 appetiui
790 2142 823 2175 Z
895 2145 961 2175 370
988 2140 1189 2184 intepretes
1216 2139 1266 2172 M
1333 2142 1400 2172 372

59 2191 130 2226 ini.
159 2191 192 2226 G
265 2195 332 2226 373
359 2202 432 2226 non
452 2191 486 2225 Z
508 2202 593 2225 num
622 2190 790 2235 Vyoletus
863 2192 930 2223 374
958 2198 1026 2232 ‚p0.
1053 2187 1118 2221 Ro.
1147 2186 1180 2221 G
1254 2189 1321 2220 375
1348 2184 1401 2219 in-

58 2239 242 2282 telligitur
271 2239 304 2272 Z
376 2242 443 2273 376
469 2237 534 2272 uni
561 2237 693 2282 Peiper
725 2237 759 2272 ei
786 2237 820 2270 Z
856 2235 891 2270 ei
916 2235 1034 2270 uideri
1059 2234 1124 2268 uni
1150 2244 1259 2278 quam
1286 2232 1400 2277 pluri-

59 2286 127 2320 bus
154 2286 354 2321 Ferrarius
