1563 2511
631 55 679 61 —
745 30 949 72 440—

185 140 252 172 150
278 135 376 171 Pers.
404 135 455 170 III
483 139 504 170 4
531 135 660 181 quinta
685 135 772 170 dum
799 134 898 170 linea
925 135 1093 179 tangitur
1117 135 1258 170 umbra.

329 183 452 218 Sidon.
486 183 552 227 Ep.
586 182 619 216 II
652 186 671 217 9
704 182 817 218 med:
851 193 936 217 ecce
969 184 1007 217 et
1038 182 1084 216 ab
1117 181 1364 227 archimagiro
1397 182 1460 217 ad-

278 231 452 273 uentans,
485 229 550 272 qui
579 231 725 274 tempus
749 230 887 264 instare
913 229 1066 264 curandi
1092 240 1250 274 corpora
1274 231 1457 265 moneret:

279 288 389 322 quem
421 277 570 321 quidem
601 277 771 312 nuntium
803 288 869 322 per
895 275 1019 322 spatia
1044 276 1260 322 clepsydrae
1285 277 1458 312 horarum

278 325 508 360 incrementa
540 325 750 360 seruantem
773 324 959 369 probabat
987 325 1228 371 conpetenter
1253 323 1458 369 ingressum

279 370 410 414 quinta
436 371 659 415 digrediens.

185 422 252 453 164
280 417 312 454 (Ι
338 417 440 454 Grat.
467 419 549 454 Act.
579 423 620 453 19
646 419 764 453 instar
789 418 995 463 profundae
1022 418 1226 463 grandinis.

185 469 251 500 169
277 465 462 500 Titinnius
489 477 545 511 ap.
568 466 706 501 Charis.
728 466 743 500 I
763 478 799 510 p.
821 469 877 509 55,
899 470 919 500 5
935 466 994 501 K:
1022 465 1134 501 uelim
1163 476 1231 510 ego
1253 475 1334 500 osse
1355 476 1459 501 arare

280 524 451 558 campum
478 524 635 547 cereum.

185 564 251 595 173
280 560 323 596 cf.
345 561 592 605 Hieronymus
618 570 673 605 ep.
696 559 742 594 ad
762 559 964 595 Iulianum:
992 561 1029 595 et
1054 562 1181 596 tamen
1201 559 1265 595 ille
1287 559 1460 605 adposito

278 608 423 642 notario
451 607 608 652 cogebat
632 606 753 650 loqui,
787 617 882 651 quae
907 606 1088 643 uelociter
1114 607 1215 642 edita
1240 606 1349 642 uelox
1375 617 1459 642 con-

279 655 494 698 sequeretur
533 665 665 689 manus
704 655 742 688 et
778 654 929 698 linguae
968 654 1198 690 celeritatem
1236 654 1461 699 prenderent

278 702 384 746 signa
410 702 618 736 uerborum.

186 751 252 783 185
277 747 461 784 Martialis
502 747 606 783 XIIII
644 752 711 784 208
751 750 902 783 currant
938 749 1052 784 uerba
1088 749 1192 792 licet,
1237 759 1367 783 manus
1406 750 1462 784 est

278 795 441 830 uelocior
460 795 552 838 illis;
573 795 738 830 nondum
758 795 898 840 lingua,
920 807 1024 831 suum
1046 796 1175 831 dextra
1195 796 1339 840 peregit
1354 807 1457 840 opuS.

324 843 512 885 (Prudent.
546 842 676 878 Perist.
711 842 815 878 VIIII
848 847 891 878 23
913 855 965 887 sq.
999 843 1114 878 uerba
1150 842 1248 878 notis
1287 843 1460 878 breuibus

278 890 528 935 conprendere
574 892 707 925 cuncta
744 891 886 934 peritus
923 890 1135 936 raptimque
1174 890 1321 935 punctis
1360 890 1462 924 dicta

278 937 514 981 praepetibus
548 937 678 981 sequi.)
727 937 892 982 (Sueton.
920 938 993 974 Tit.
1021 941 1040 972 3
1069 948 1087 972 e
1113 937 1282 982 pluribus
1309 937 1460 982 conperi

276 984 374 1019 notis
400 995 547 1028 quoque
573 985 741 1029 excipere
766 985 998 1020 uelocissime
1025 984 1202 1029 solitum.)

324 1031 450 1066 Manil.
471 1031 540 1065 IIII
562 1035 628 1067 197
655 1031 741 1066 hinc
768 1034 805 1067 et
831 1033 988 1077 scriptor
1014 1032 1084 1067 erit
1105 1033 1225 1076 uelox,
1253 1031 1312 1067 eui
1331 1030 1460 1067 littera

276 1078 431 1113 uerbum
466 1080 522 1114 est
559 1079 694 1123 quique
732 1078 830 1114 notis
864 1080 1030 1124 linguam
1062 1081 1215 1124 superet
1246 1079 1459 1124 cursimque

277 1126 462 1170 loquentis
489 1126 650 1171 excipiat
675 1127 805 1171 longas
831 1138 929 1162 noua
953 1137 1020 1172 per
1046 1126 1266 1172 compendia
1289 1137 1411 1162 uoces.

184 1177 251 1208 194
278 1185 355 1217 sqq.
385 1172 429 1208 cf.
459 1173 602 1208 Lueret.
632 1173 700 1208 IIII
728 1177 795 1208 959
816 1187 893 1219 sqq.

182 1224 249 1255 201
279 1220 323 1255 cf.
344 1220 591 1265 Hieronymus
612 1221 719 1266 Apol.
740 1221 756 1254 Ι
782 1221 864 1256 adu.
887 1221 1059 1256 Rufinum
1081 1220 1171 1265 (uid.
1193 1221 1287 1257 Toll.
1308 1233 1342 1266 p.
1366 1222 1459 1265 781).

182 1271 249 1301 213
277 1267 415 1311 Vergil.
443 1267 484 1302 G.
512 1268 546 1301 II
573 1271 640 1303 506
669 1268 827 1303 Sarrano
854 1268 1016 1304 dormiat
1041 1270 1151 1303 ostro.

181 1318 250 1349 214
279 1312 311 1350 01
338 1313 429 1350 Mos.
459 1319 526 1350 124
552 1314 704 1350 famosis
731 1316 830 1351 olido
856 1316 984 1351 nidore
1012 1315 1172 1361 popinis.

181 1365 249 1396 215
277 1362 415 1407 Vergil.
439 1362 480 1397 A.
505 1362 557 1396 VI
577 1366 644 1397 283
665 1374 716 1407 sq.
744 1362 865 1398 ulmus
892 1374 1008 1408 opaca
1027 1363 1170 1407 ingens,
1199 1374 1309 1407 quam
1334 1362 1459 1398 sedem

278 1409 421 1443 somnia
446 1410 559 1454 uolgo
586 1421 684 1445 uana
709 1412 834 1445 tenere
861 1410 985 1446 ferunt
1004 1410 1178 1454 foliisque
1201 1411 1268 1446 sub
1290 1410 1460 1446 omnibus

274 1456 441 1491 haerent.

182 1506 249 1538 217
278 1515 330 1548 sq.
358 1503 497 1549 Vergil.
525 1505 567 1539 A.
595 1504 645 1539 VI
671 1508 738 1540 893
760 1517 812 1549 sq.
846 1506 931 1539 sunt
961 1505 1131 1550 geminae
1159 1504 1286 1540 Somni
1311 1507 1458 1550 portae3

278 1561 434 1594 quarum
473 1551 593 1586 altera
625 1551 740 1586 fertur
773 1563 924 1597 cornea,
964 1563 1037 1597 qua
1068 1552 1165 1587 ueris
1197 1551 1318 1587 facilis
1351 1552 1460 1587 datur

278 1597 398 1633 exitus
418 1599 569 1643 umbris,
592 1599 709 1633 altera
729 1599 904 1634 candenti
923 1600 1088 1644 perfecta
1107 1599 1230 1635 nitens
1248 1599 1458 1644 elephanto,

277 1645 341 1679 sed
366 1645 463 1680 falsa
489 1646 534 1680 ad
561 1647 705 1681 caelum
732 1646 885 1682 mittunt
909 1646 1094 1683 insomnia
1119 1658 1256 1682 manes,

279 1689 312 1728 (l
339 1691 481 1737 Cupido
510 1697 576 1728 103
603 1695 712 1739 porta
739 1715 779 1719 —
808 1694 957 1730 eburna.

182 1743 249 1774 235
277 1738 414 1774 Catulli
440 1740 561 1785 Priap.
591 1745 608 1775 1
636 1741 735 1776 hunc
760 1742 884 1776 lucum
910 1741 981 1776 tibi
1007 1741 1148 1777 dedico.

595 1858 658 1894 ΙΙΙ.
686 1858 973 1895 DOMESTICA.

107 1914 124 1948 1
151 1914 251 1960 [320]
281 1914 325 1949 de
351 1914 553 1952 herediolo.

206 1977 222 2007 1
252 1973 390 2019 Vergil.
424 1975 464 2008 E.
492 1976 507 2009 Ι
536 1979 580 2010 69
613 1987 697 2011 mea
729 1987 844 2021 regna
875 1976 1015 2012 uidens.
1074 1978 1105 2015 {l
1131 1977 1198 2022 Ep.
1226 1976 1363 2012 XXVII
1391 1982 1457 2014 116

251 2022 389 2056 ueteris
415 2021 562 2056 Paulini
590 2034 713 2068 regna.

182 2072 223 2102 11
252 2067 381 2104 Horat.
404 2069 470 2114 Ep.
492 2069 508 2102 Ι
531 2074 561 2113 1,
590 2075 633 2106 18
661 2071 698 2105 et
723 2070 814 2105 mihi
841 2081 908 2114 res,
934 2082 1008 2106 non
1028 2083 1086 2107 me
1107 2071 1216 2107 rebus
1237 2072 1457 2118 subiungere

251 2126 375 2151 conor.

184 2166 225 2197 12
255 2160 286 2198 (Ι
313 2162 358 2198 cf.
386 2162 475 2208 epit.
503 2167 547 2198 30
576 2166 661 2208 (54).

182 2213 223 2244 13
250 2209 378 2246 Horat.
402 2210 435 2245 S.
457 2210 490 2245 11
512 2214 544 2254 3,
574 2215 641 2246 100
661 2212 873 2258 Aristippus
900 2213 962 2257 qui
991 2224 1116 2248 seruos
1142 2214 1306 2258 proicere
1327 2224 1456 2249 a-urum

250 2256 288 2291 in
315 2258 439 2293 media
464 2258 570 2292 iussit
596 2258 720 2303 Libya.

180 2308 223 2339 15
251 2304 378 2340 Horat.
405 2305 471 2350 Ep.
499 2304 514 2338 1
545 2310 598 2349 16,
627 2309 669 2340 65
697 2306 761 2351 qui
787 2307 922 2352 cupiet,
948 2310 1090 2343 metuet
1117 2318 1273 2352 quoque.
