1563 2511
661 85 984 129 —5294—

150 192 316 235 Vacare
348 191 490 242 uanis,
522 191 610 234 otio
645 193 718 233 aut
749 191 924 247 negotio

210 251 269 294 Et
299 250 510 293 fabulosis
543 250 700 292 litteris

151 310 304 366 Vetat,
336 310 422 351 suis
454 311 504 352 ut
534 322 761 365 pareamus
793 308 959 364 legibus
1456 316 1500 350 35

209 369 451 423 Lueemque
484 382 706 410 cernamus
739 382 879 421 suam,

151 428 290 477 Quam
321 428 388 469 uis
421 427 656 482 sophorum
687 426 843 469 callida
876 440 1031 481 arsque
1061 425 1282 468 rhetorum
1316 427 1358 467 et

209 487 439 543 Figmenta
470 488 621 528 uatum
651 485 868 540 nubilant,

152 546 234 596 Qui
266 546 396 588 corda
426 544 549 587 falsis
584 547 712 600 atque
744 545 868 586 uanis
901 544 1101 585 imbuunt

210 605 482 659 Tantumque
514 604 685 659 linguas
717 603 957 645 instruunt:
1456 612 1500 644 40

150 663 274 706 Nihil
307 663 565 714 adferentes,
597 666 645 704 ut
679 663 861 703 salutem
894 661 1137 715 conferant,

211 722 335 772 Quod
366 722 593 763 ueritatem
626 721 811 777 detegat.

153 781 264 832 Quid
296 780 410 822 enim
441 782 585 822 tenere
617 781 686 821 uel
717 780 881 822 bonum
914 782 989 821 aut
1021 794 1170 821 uerum
1202 781 1376 834 queant,

214 839 296 889 Qui
326 853 414 881 non
445 841 597 880 tenent
630 853 821 881 summae
853 841 998 893 eaput,

151 899 258 941 Veri
288 898 476 952 bonique
507 897 705 939 fomitem
738 901 780 939 et
811 897 975 939 fontem
1009 896 1153 950 deum,
1457 905 1501 937 45

212 957 346 1008 Quem
378 971 503 999 nemo
536 957 621 998 nisi
652 957 697 998 in
730 955 905 999 Christo
938 955 1068 998 uidet.

151 1016 235 1059 Hic
267 1016 464 1058 ueritatis
496 1016 640 1058 lumen
672 1018 756 1068 est,
787 1016 902 1057 uitae
934 1015 1024 1069 uia,

211 1074 310 1130 Vis,
341 1089 481 1128 mens,
512 1089 682 1127 manus,
713 1075 852 1116 uirtus
885 1074 1040 1130 patris,

154 1133 228 1177 Sol
262 1134 510 1189 aequitatis,
541 1133 640 1176 fons
672 1133 903 1184 bonorum,
935 1133 1012 1176 flos
1046 1132 1130 1186 dei,

210 1192 351 1235 Natus
384 1193 479 1247 deo,
512 1192 660 1234 mundi
693 1195 829 1247 sator,
1460 1200 1503 1232 50

151 1251 437 1295 Mortalitatis
469 1252 560 1293 uita
591 1253 765 1293 nostrae
798 1255 841 1293 et
873 1265 988 1293 mors
1021 1252 1151 1293 neeis.

211 1311 423 1366 Magister
452 1310 523 1352 hic
554 1310 796 1365 uirtutium,

151 1370 354 1425 Deusque
385 1369 511 1411 nobis
544 1372 673 1424 atque
704 1384 783 1424 pro
816 1369 940 1412 nobis
973 1368 1123 1423 homo,

211 1428 304 1471 Nos
336 1428 576 1471 induendus
608 1428 765 1479 induit,

152 1487 344 1530 Aeterna
374 1487 558 1543 iungens
591 1487 785 1530 homines
817 1487 932 1529 inter
964 1490 1006 1529 et
1040 1486 1182 1541 deum,
1458 1494 1502 1526 55

249 1632 293 1662 47
321 1627 463 1672 Euang.
489 1628 573 1663 Joh.
603 1631 634 1671 1,
658 1631 678 1662 9
706 1627 786 1662 erat
811 1627 874 1661 lux
901 1637 997 1661 uera.

251 1761 295 1793 36
324 1742 424 1792 suffm
452 1758 489 1792 P
513 1768 618 1792 saum
644 1756 672 1791 S
767 1759 810 1791 37
839 1756 1002 1791 soforum
1033 1755 1152 1790 VPH
1177 1756 1181 1799 Ι
1211 1754 1334 1791 calida
1360 1754 1396 1789 P
1419 1757 1423 1798 Ι
1451 1765 1505 1789 1-0-

153 1806 305 1840 thorum
336 1804 444 1840 VPS
478 1806 482 1848 Ι
524 1806 561 1840 et
586 1804 746 1849 sequenti
777 1804 901 1837 uersui
932 1804 1016 1838 add.
1045 1803 1073 1838 S
1168 1806 1213 1837 38
1239 1802 1409 1837 nubilent
1436 1801 1472 1836 P
1499 1803 1501 1845 l

155 1854 202 1888 al.
229 1863 274 1886 m.
301 1853 343 1887 in
367 1863 481 1896 mary.
508 1863 599 1896 quae
630 1851 777 1895 scripsit
808 1851 989 1885 nonnulef
1018 1851 1107 1895 (non
1139 1849 1318 1893 0111111089)
1350 1860 1505 1884 euanue-

154 1902 245 1936 runt
277 1899 312 1933 V
382 1903 426 1934 39
452 1899 558 1933 uanis
586 1899 615 1933 &
640 1898 745 1933 falsis
772 1898 800 1932 S
872 1901 915 1931 41
943 1897 998 1932 nil
1032 1897 1066 1931 V
1095 1896 1213 1932 nichil
1238 1897 1275 1931 P
1299 1898 1304 1940 Ι
1339 1896 1507 1931 adferen-

154 1949 212 1982 tes
245 1946 280 1980 V
307 1946 503 1981 afferentes
530 1945 608 1980 ΡΠ
636 1945 798 1981 ferentes
824 1944 852 1979 S
948 1949 992 1979 42
1020 1944 1142 1990 Quod]
1171 1943 1248 1979 Aut
1273 1944 1300 1979 S
1322 1945 1326 1987 1
1349 1954 1419 1979 Non
1451 1944 1508 1978 te—

156 2018 249 2063 gant
275 2016 303 2052 S
373 2021 417 2052 43
445 2017 543 2060 quod
570 2016 648 2051 VH
652 2015 682 2051 S
700 2015 704 2061 1
728 1999 942 2059 εωῒξιιιῗωω
963 2015 990 2050 S
1012 2016 1016 2059 Ι
1040 2015 1179 2059 queant
1198 2014 1236 2049 P
1256 2015 1440 2059 qvuaeant
1460 2013 1507 2048 Vl

156 2064 274 2110 queml
301 2065 343 2098 in
361 2074 434 2099 ras.
459 2064 505 2097 V2
531 2064 673 2107 queunt
691 2063 765 2098 HS
836 2066 881 2097 44
902 2063 1022 2107 capud
1048 2062 1096 2097 V1
1167 2064 1214 2097 45
1233 2061 1421 2097 formitem
1441 2062 1481 2096 H
1500 2061 1504 2106 Ι

158 2136 195 2170 et
221 2134 363 2170 fontem
388 2144 455 2170 om.
482 2133 511 2168 S
594 2137 639 2168 46
668 2133 753 2179 nisi]
781 2118 857 2176 111111
883 2132 910 2167 S
996 2136 1040 2167 49
1069 2132 1156 2168 Sola
1182 2135 1242 2167 H?
1317 2136 1361 2167 50
1387 2131 1504 2177 sator]

157 2181 248 2218 satis
275 2182 312 2216 P
407 2185 448 2216 51
477 2181 577 2216 uitae
605 2182 644 2215 H
663 2183 668 2224 Ι
690 2181 807 2225 necis]
834 2180 942 2224 metis
971 2180 1008 2214 P
1103 2183 1147 2214 52
1172 2178 1371 2214 uirtutium
1396 2178 1508 2214 VHS

156 2229 339 2265 uirtutum
367 2229 404 2263 P
475 2232 519 2263 53
547 2229 633 2274 que]
662 2238 757 2271 quae
784 2228 818 2263 G
846 2230 850 2271 Ι
879 2227 1041 2272 deusque
1066 2226 1173 2261 nouis
1206 2226 1240 2260 V
1322 2229 1367 2260 54
1391 2236 1506 2271 mary.

155 2277 294 2312 sinistr.
316 2277 364 2311 al.
379 2275 410 2310 D
431 2276 516 2311 add.
540 2275 573 2309 V
592 2279 595 2319 Ι
626 2274 832 2310 induendus
861 2274 927 2310 VS
949 2274 1155 2309 induendos
1176 2276 1215 2308 H
1237 2273 1424 2309 induendo
1444 2273 1502 2318 ΡΙ

156 2324 280 2359 induit
305 2324 393 2359 libri
418 2334 456 2358 se
483 2323 583 2358 exuit
604 2322 792 2358 Auantius
866 2326 910 2357 55
937 2324 1091 2369 aeterna
1119 2321 1152 2355 V
