1563 2511
665 51 984 92 -498—

219 162 264 193 53
292 157 417 192 Sidon.
438 155 560 201 Apoll.
582 155 648 200 Ep.
670 155 755 191 VIII
776 159 808 198 6,
830 159 850 190 6
869 155 1075 199 palmatam
1094 155 1178 200 plus
1197 153 1299 199 picta
1320 154 1501 198 oratione,

290 205 374 250 plus
401 215 514 238 aurea
540 202 834 238 conuenustauit.

220 256 264 288 57
294 252 420 287 Cicero
448 251 559 286 diuin.
586 249 625 285 in
651 249 690 292 Q.
713 248 849 285 Caecil.
874 250 948 294 (11)
970 253 1014 284 36
1034 248 1214 294 intellego
1234 259 1344 292 quam
1367 259 1499 293 scopu-

292 300 371 334 loso
399 297 616 341 difficilique
643 297 682 331 in
707 297 789 331 loco
815 307 951 331 uerser.

220 351 264 381 62
293 347 430 391 cogunt
455 346 658 380 uolentem:
687 343 730 379 cf.
759 343 927 389 prouerb.
955 343 1189 386 „currentem
1214 344 1400 379 monere“.

221 397 264 428 63
291 404 375 428 reus
401 392 497 428 uoti:
526 392 571 427 cf.
598 391 747 426 Seruius
773 391 820 425 ad
848 390 985 435 Vergil.
1013 392 1054 425 A.
1081 390 1113 423 V
1140 393 1219 425 237.

222 445 266 476 65
294 439 357 475 Sil.
385 439 427 475 11.
454 440 470 473 Ι
496 443 564 474 215
591 438 775 473 Numidae
802 449 891 483 gens
917 437 1035 473 inscia
1060 437 1165 472 freni.

222 492 264 523 72
292 487 437 522 celebre
456 485 530 521 fuit
549 486 654 530 quia:
681 485 725 520 cf.
748 485 898 520 Vulcac.
921 485 1051 519 Gallie.
1073 483 1229 519 Auidius
1257 483 1403 519 Cassius
1424 488 1457 526 2,
1479 488 1500 518 6

293 534 370 569 eius
404 533 611 578 (Hadriani)
652 534 776 567 autem
815 531 1024 576 exemplum
1063 542 1200 575 ponere
1238 531 1354 566 malui
1389 543 1498 576 quam

291 581 513 624 Domitiani,
546 580 609 624 qui
640 580 711 614 hoc
744 579 883 623 primus
916 580 1050 613 dixisse
1082 578 1208 615 fertur.
1259 581 1501 622 tyrannorum

294 629 392 664 enim
413 629 510 663 bona
531 628 631 661 dicta
649 637 721 661 non
744 627 885 661 habent
904 626 1050 661 tantum
1073 626 1305 660 auctoritatis
1320 627 1501 669 quantum

294 676 443 710 debent.
494 674 587 709 Plin.
615 673 683 719 Ep.
710 673 743 708 V
770 678 802 717 3,
830 677 860 708 6.
889 672 938 707 VI
966 677 1021 716 24,
1053 676 1081 707 1.
1133 671 1226 707 Geli.
1254 672 1374 707 XVIII
1400 677 1431 707 3.

224 728 266 759 73
293 723 422 757 ardere
460 721 620 757 iussisti:
660 721 702 755 cf.
744 720 824 755 cod.
865 720 1048 755 Theodos.
1082 719 1131 753 XI
1164 723 1226 763 28,
1258 724 1278 754 2
1318 722 1364 763 (a.
1398 722 1502 764 395):

298 769 446 804 chartas
473 768 677 813 superfluae
705 766 965 812 descriptionis
992 767 1146 802 cremari
1173 778 1374 802 censemus.

224 822 267 852 75
295 817 338 851 cf.
362 816 546 861 Spartian.
568 815 741 850 Antonin.
764 814 932 849 Caracall
971 818 1003 857 9,
1030 818 1050 848 2
1077 825 1210 849 nomen
1230 815 1502 849 Antoninorum

297 893 304 900 .
330 892 336 898 .
359 891 366 898 .
395 863 559 898 omnium
585 863 739 907 pectora
764 862 869 897 uelut
894 861 1055 906 Augusti
1080 872 1215 896 nomen
1242 861 1444 896 obsederat.
1512 890 1519 896 .

292 911 479 955 Lamprid.
518 910 693 945 Antonin.
726 909 897 944 Diadum.
932 913 969 952 6,
1006 912 1023 942 1
1063 910 1104 942 ut
1142 908 1212 942 fuit
1244 907 1391 952 quidem
1425 910 1500 943 tam

297 957 458 993 amabile
485 957 560 992 illis
587 957 816 1001 temporibus
842 967 977 991 nomen
1002 955 1283 990 Antoninorum.

224 1010 268 1040 76
295 1006 492 1040 Traianus:
514 1004 608 1039 Plin.
627 1015 757 1048 paneg.
776 1007 818 1038 13
834 1004 948 1039 med:
969 1003 1059 1047 quid
1079 1014 1161 1037 cum
1184 1002 1363 1038 solacium
1383 1001 1505 1046 fessis,

293 1052 414 1097 aegris
441 1063 548 1096 opem
574 1051 687 1086 ferres
716 1079 723 1086 .
746 1080 752 1087 .
776 1080 782 1086 .

228 1104 270 1135 77
299 1100 505 1144 egestatem
531 1099 707 1133 tolerare:
734 1097 855 1132 Plaut.
877 1098 976 1132 Trin.
1000 1101 1079 1132 338.
1101 1100 1179 1133 358.
1201 1101 1279 1132 371,
1308 1097 1399 1131 Rud.
1422 1101 1502 1132 918.

225 1152 267 1182 79
296 1147 532 1181 concludam:
565 1145 658 1180 Plin.
692 1156 823 1190 paneg.
851 1148 896 1179 94
927 1144 966 1178 in
997 1145 1067 1179 fine
1102 1144 1280 1179 orationis
1312 1144 1504 1189 praesides

295 1194 539 1237 custodesque
565 1192 712 1238 imperii
739 1193 828 1227 deos
855 1203 923 1237 ego
951 1191 1081 1227 consul
1107 1203 1170 1237 pro
1196 1192 1305 1226 rebus
1331 1191 1504 1226 humanis

328 1270 334 1276 .
358 1269 364 1276 .
391 1252 530 1285 precor.

224 1292 268 1323 80
296 1286 330 1324 (I
355 1287 509 1333 Ephem.
549 1291 592 1322 49
633 1285 815 1332 principio
855 1287 1090 1330 extremoque
1130 1297 1275 1329 carens,
1315 1285 1505 1329 antiquior

295 1346 398 1370 aeuo.
425 1339 470 1370 54
495 1335 575 1379 ipse
602 1334 725 1379 opifex
750 1345 884 1376 rerum,
910 1334 1019 1368 rebus
1047 1344 1157 1368 causa
1182 1332 1265 1377 ipsa
1291 1332 1471 1368 creandis.

225 1387 267 1418 81
295 1383 460 1417 quenal.
493 1382 525 1416 X
560 1385 627 1417 174
659 1384 696 1416 et
728 1380 907 1425 quidquid
941 1380 1097 1415 Graecia
1131 1380 1289 1415 mendax
1323 1381 1434 1415 audet
1465 1381 1504 1414 in

294 1429 463 1464 historia.

226 1482 267 1513 81
296 1478 479 1522 Pegasus:
506 1476 673 1521 Apostol.
704 1480 758 1519 14,
785 1479 829 1511 28
856 1475 1038 1520 Πηγάσου
1064 1475 1276 1519 ταχύτερος.

294 1524 367 1560 Ine.
393 1534 571 1569 panegyr.
599 1522 788 1558 Constant.
816 1523 850 1557 d.
873 1523 970 1567 (VII)
998 1526 1018 1557 8
1046 1523 1126 1567 quis
1153 1523 1251 1557 enim
1276 1523 1312 1556 te
1334 1521 1503 1566 Cyllarus

298 1572 364 1606 aut
390 1571 504 1606 Arion
530 1572 655 1615 posset
681 1569 832 1615 eripere.

225 1622 269 1653 82
296 1621 418 1653 totum
457 1628 567 1661 quam
604 1617 757 1663 longum
797 1618 868 1651 est:
910 1615 942 1653 (l
974 1616 1140 1652 Pei-loch.
1173 1616 1214 1652 Il.
1247 1615 1385 1651 XVIIII
1423 1617 1506 1650 tota

298 1667 405 1701 nocte
432 1677 542 1709 quam
568 1665 681 1709 longa
708 1666 774 1702 est.
827 1662 859 1700 (I
885 1663 951 1709 Ep.
984 1663 1157 1699 XXVIIII
1192 1667 1258 1698 117
1285 1665 1365 1699 toto
1393 1673 1505 1707 quam

295 1713 411 1757 longa
434 1712 616 1757 Hispania
641 1713 774 1746 tractu.

226 1764 269 1795 82
297 1759 435 1804 Vergil.
458 1760 500 1795 A.
522 1759 590 1794 IIII
617 1763 683 1794 174
708 1759 819 1802 fama,
846 1759 985 1793 malum
1013 1769 1087 1803 qua
1112 1769 1187 1792 non
1212 1758 1312 1793 aliud
1341 1757 1507 1792 uelocius

295 1808 425 1842 ullum.

628 1911 731 1946 XXII
757 1922 783 1947 v
810 1910 1037 1947 SVLPICIA.

252 2001 269 2031 1
296 1995 435 2040 Vergil.
462 1995 504 2030 A.
534 1999 563 2037 1,
593 1999 609 2028 1
638 2006 741 2029 arma
765 1994 949 2039 uirosque.

253 2048 270 2077 1
299 2054 351 2087 sq.
379 2043 506 2077 Horat.
541 2041 575 2077 S.
610 2042 623 2076 Ι
652 2045 689 2085 5,
717 2045 759 2075 51
783 2053 861 2085 sqq.
893 2053 990 2076 nunc
1022 2040 1114 2076 mihi
1148 2040 1275 2086 paucis
1303 2068 1310 2076 .
1332 2068 1340 2076 .
1363 2068 1370 2076 .
1396 2039 1507 2075 Musa

301 2089 414 2125 uelim
440 2100 632 2124 memores.

228 2141 270 2173 12
299 2137 392 2172 Stat.
430 2136 495 2172 Th.
535 2135 587 2170 111
625 2139 693 2170 556
733 2135 822 2180 quid
859 2135 976 2170 bonus
1014 2135 1078 2170 ille
1117 2134 1226 2169 deum
1263 2135 1505 2180 genitor...

300 2184 462 2229 cogitet?

229 2236 272 2266 12
300 2231 491 2266 Claudian.
519 2230 563 2266 de
590 2231 699 2265 laude
726 2230 882 2265 Serenae
911 2234 928 2263 1
957 2229 1016 2264 dic
1042 2240 1124 2264 mea
1151 2228 1328 2274 Calliope.

228 2283 272 2314 13
300 2278 491 2313 Claudian.
525 2279 569 2313 de
595 2277 645 2311 Vl
679 2288 776 2312 cons.
804 2277 959 2312 Honorii
994 2280 1058 2311 150
1091 2287 1136 2311 an
1170 2276 1252 2311 iura
1277 2286 1430 2321 perosus
1456 2275 1504 2310 ad

298 2326 441 2371 priscos
467 2325 648 2370 pecudum
677 2324 871 2359 damnaret
896 2324 1043 2359 saecula
1068 2323 1184 2358 ritus?
