1563 2511
618 71 663 76 --
733 47 818 88 272
883 71 931 77 -

101 153 222 203 Quod
256 153 291 194 si
323 153 512 208 rogabit,
546 152 648 207 quid
680 167 807 206 super
840 152 1010 207 scriptis
1043 152 1166 194 nouis

99 212 294 254 Maturus
327 212 422 253 aeui
454 225 532 253 nec
563 211 679 252 rudis
712 211 957 253 diiudicem:
1402 222 1447 254 30

99 271 275 313 Nescire
309 270 440 325 dices,
473 270 546 312 sed
578 273 778 325 paratum
810 271 896 312 iam
927 270 1018 312 fore

100 329 383 372 Heroicorum
416 344 616 371 uersuum
649 329 822 383 plenum
856 329 1063 371 essedum.

102 387 181 430 Cui
213 388 453 443 subiugabo
488 388 538 429 cle
571 389 781 430 molarum
814 388 1087 443 ambagibus,

103 447 184 496 Qui
216 447 449 489 machinali
482 461 584 488 saxa
615 447 796 488 uoluunt
826 447 1033 502 pondere,

102 505 306 560 Tripedes
340 507 528 548 caballos
561 509 685 560 terga
717 508 868 559 ruptos
901 506 1096 560 uerbere,
1406 515 1449 547 35

101 564 182 606 His
215 568 263 606 ut
295 565 507 607 uehantur
537 566 626 606 tres
659 565 825 606 sodales
858 564 1012 605 nuntii.

101 623 207 666 Fors
241 626 284 664 et
315 624 503 679 rogabit,
536 638 639 678 quos
674 623 841 664 sodales
875 623 1031 664 dixeris

104 681 241 723 Simul
273 683 434 724 uenire:
468 682 551 724 die:
585 681 812 723 ‘trinodem
846 681 1060 736 dactylum

103 741 206 782 Vidi
237 744 436 795 paratum
468 740 676 783 crucianti
708 740 946 783 cantherio:

105 799 326 854 Spondeus
358 800 422 841 illi
454 800 638 853 lentipes
670 800 763 841 ibat
796 814 954 853 comes,
1407 809 1451 840 40

103 859 285 900 Paribus
319 862 512 902 moratur
544 859 618 914 qui
649 859 754 901 locis
788 873 958 901 cursum
990 873 1150 913 meum,

104 917 296 972 Mihique
330 918 501 973 similis,
534 932 702 972 semper
735 918 941 960 aduersus
973 921 1136 972 tamen,

103 976 194 1018 Nec
225 991 321 1031 par,
353 991 432 1019 nec
463 977 620 1032 impar,
654 977 727 1032 qui
759 977 985 1019 trochaeus
1019 976 1201 1019 dicitur?

103 1034 223 1077 Haec
253 1035 343 1076 fare
376 1037 535 1078 cursim
567 1051 645 1078 nec
677 1039 870 1078 moratus
902 1037 1097 1091 peruola,

104 1093 281 1149 Aliquid
313 1097 541 1149 reportans
572 1095 745 1137 interim
779 1096 1021 1137 munusculi
1409 1104 1453 1135 45

105 1151 169 1194 De
202 1153 405 1208 largitate
438 1155 589 1197 musici
621 1155 891 1208 promptarii.

34 1282 221 1349 Xffissiff
329 1304 573 1340 Avsomvs
600 1305 816 1340 PAVLINo
844 1305 934 1341 svo
963 1305 1061 1341 SAL.
1088 1304 1158 1340 PL.
1185 1304 1228 1339 D.

194 1389 353 1430 Multas
388 1392 430 1430 et
460 1389 702 1444 frequentes
742 1391 848 1432 mihi
887 1390 1052 1445 gratiae
1091 1392 1190 1431 tuae
1230 1403 1379 1431 causas
1414 1391 1455 1430 et

106 1449 274 1490 occasio
314 1448 494 1490 subinde
533 1453 639 1491 nata
678 1450 908 1491 concinnat
939 1451 983 1490 et
1013 1451 1193 1490 naturae
1224 1450 1323 1490 tuae
1355 1448 1457 1490 faci-

105 1507 204 1548 litas
243 1507 431 1562 benigna
468 1509 685 1561 conciliat,
723 1508 902 1550 Pauline
941 1508 1014 1549 fili.
1076 1522 1174 1549 nam
1218 1508 1319 1563 quia
1350 1507 1457 1548 nihil

106 1568 308 1620 poscente
335 1581 403 1608 me
431 1567 601 1622 abnuis,
634 1568 772 1622 magis
806 1568 922 1609 acuis
956 1567 1199 1621 procaciam
1232 1581 1360 1621 quam
1393 1582 1457 1607 re-

106 1625 271 1666 tundis:
304 1627 352 1666 ut
380 1640 495 1668 nunc
522 1641 689 1682 quoque
715 1628 760 1668 in
787 1641 916 1668 causa
941 1626 1139 1668 Philonis
1165 1626 1455 1679 procuratoris
1483 1643 1502 1675 5

108 1684 323 1738 quondam
356 1685 441 1726 mei
475 1686 709 1741 experiere,
748 1686 820 1740 qui
854 1685 967 1740 apud
999 1684 1323 1740 Hebromagum
1357 1699 1456 1727 con-

107 1742 208 1783 ditis
248 1743 476 1796 mercibus,
516 1759 620 1799 quas
653 1759 730 1799 per
763 1758 888 1800 agros
923 1744 1115 1786 diuersos
1149 1744 1324 1797 coemit,
1361 1758 1458 1785 con-

107 1815 225 1842 cesso
260 1802 312 1843 ab
345 1803 593 1845 hominibus
620 1804 706 1845 tuis
733 1818 835 1845 usus
868 1804 1074 1858 hospitio,
1106 1803 1322 1845 inmature
1347 1803 1457 1857 peri-

108 1860 280 1901 clitatur
313 1862 479 1915 expelli.
532 1863 645 1917 quod
683 1863 768 1904 nisi
806 1862 1034 1904 indulseris
1067 1864 1248 1916 rogante
1287 1876 1372 1916 me,
1411 1864 1458 1903 ut

203 1969 246 2000 32
281 1966 413 2000 &edum
444 1967 477 2001 Τ
511 1967 691 2002 aessedum
722 1966 755 2001 G
791 1968 942 2001 esedum
970 1968 1018 2001 M
1114 1969 1158 2001 35
1184 1968 1310 2011 ruptes
1338 1966 1387 2007 M

109 2016 153 2047 38
179 2012 358 2047 dactilum
388 2014 475 2048 TM
570 2018 613 2049 39
641 2014 832 2049 cantherio
861 2015 893 2049 G
991 2018 1033 2048 41
1063 2014 1131 2058 susi
1156 2025 1280 2049 meum
1309 2013 1342 2049 T
1413 2017 1456 2048 46

107 2059 302 2105 promtarii
329 2061 378 2094 M

202 2118 322 2153 XXVI
347 2130 412 2154 suo
440 2119 517 2154 sal'.
544 2120 592 2164 pl.
621 2120 689 2156 dic.
719 2119 751 2153 T
774 2131 839 2157 om.
870 2121 917 2154 M
961 2131 1025 2155 suo
1054 2121 1192 2163 (ceteris
1217 2120 1298 2163 om.)
1326 2119 1366 2154 E
1493 2127 1531 2161 Ζ

111 2170 126 2200 1
156 2177 284 2201 causas
305 2177 370 2202 om.
394 2167 427 2200 T
498 2171 517 2201 2
547 2169 634 2202 nata
654 2178 718 2203 om.
737 2167 768 2200 T
789 2169 792 2211 Ι
816 2167 1034 2202 concinnate
1056 2168 1090 2201 Z
1113 2167 1409 2202 corr.Auant1'us

1321 2222 1349 2239 m

110 2241 129 2271 3
155 2237 221 2282 filij
252 2238 300 2271 M
395 2241 415 2272 5
444 2238 566 2273 filonis
595 2238 681 2272 TM
711 2240 714 2282 ξ
750 2238 914 2283 experire
940 2238 973 2273 G
1072 2243 1089 2273 7
1117 2238 1232 2272 hebro
1258 2248 1345 2280 mag
1380 2237 1412 2271 T

110 2288 130 2319 8
157 2285 203 2319 ab
230 2285 302 2328 oib,
332 2285 365 2318 T
459 2290 478 2320 9
506 2285 706 2331 inmature]
739 2285 772 2320 G
797 2286 956 2320 imature
985 2285 1034 2320 M
