1563 2511
640 65 954 106 —343—-

54 207 202 232 LXXXII
222 206 348 237 [omn]
468 191 519 226 IN
547 189 721 225 EVNVM
747 188 1128 224 LIGVRRITOREM.

126 277 258 330 Eune,
291 275 391 330 quid
424 275 614 316 adfectas
646 273 900 315 uendentem
934 273 1133 327 Phyllida
1166 274 1350 315 odores?

184 335 350 376 Diceris
381 334 492 375 hanc
524 331 709 374 mediam
741 331 942 384 lambere,
973 345 1060 373 non
1087 333 1257 375 molere.

124 393 342 447 Perspice,
373 407 426 433 ne
458 391 611 432 mercis
643 390 800 431 fallant
832 392 874 430 te
906 390 1100 441 nomina,
1132 391 1200 432 uel
1233 405 1285 432 ne

182 451 294 492 Aere
327 449 545 505 Seplasiae
577 449 789 503 decipiare
822 462 944 502 caue,

124 509 237 551 Dum
272 510 482 552 KYOEON
519 508 810 562 KOCTONque
842 510 970 561 putas
1003 507 1239 548 communis
1273 507 1415 549 odoris

181 568 241 610 Et
271 568 452 609 nardum
485 582 532 609 ac
566 566 712 608 sardas
746 580 839 607 esse
873 580 1023 620 sapore
1056 566 1162 619 pari.
1450 578 1469 607 (3

51 707 215 733 LXXXIII
236 708 376 739 [cxxnn]
527 693 606 740 <IN
633 692 839 727 EVNDEM
864 691 1069 738 EVNVM>

125 778 304 819 Diuersa
336 777 485 819 infelix
518 779 561 818 ei]
592 777 747 818 Iambil]
780 778 822 818 et
854 775 1002 818 olfacit
1034 775 1201 817 Eunus:

183 836 447 878 Dissimilem
481 836 690 890 olfactum
721 835 836 877 naris
870 837 912 875 et
944 835 1030 875 oris
1062 835 1202 876 habet.

51 976 234 1001 LXXXIIII
256 976 367 1008 [cxxv]
541 963 606 997 AD
634 961 839 996 EVNDEM
866 962 963 996 EVN
971 960 1041 995 VM

267 1021 398 1063 QVOD
425 1021 528 1057 NON
558 1020 699 1055 VELIT
724 1020 852 1055 BENE
880 1019 973 1054 NEC
1000 1019 1134 1054 MALE
1163 1019 1331 1055 OLERE.

124 1105 326 1160 Salgama
358 1120 446 1147 non
477 1105 559 1147 hoc
592 1107 712 1158 sunt,
744 1104 856 1159 quod
889 1104 1102 1145 balsama:
1136 1104 1272 1145 cedite
1305 1103 1470 1146 odores.

181 1164 270 1206 Nec
303 1164 413 1205 male
446 1164 558 1206 olere
592 1164 715 1217 mihi,
748 1177 824 1204 nec
857 1163 966 1204 bene
1000 1162 1112 1204 olere
1145 1162 1298 1216 placeb.

49 1293 195 1318 LXXXV
217 1293 341 1325 10xxv1]
520 1277 613 1325 <AD
639 1277 845 1313 EVNDEM
872 1277 1086 1324 EVNVM.>

122 1364 221 1405 Lais
253 1363 363 1405 Eros
397 1365 439 1404 et
470 1362 582 1416 Itys,
615 1361 778 1404 Chiron
811 1365 854 1404 et
885 1361 1015 1416 Eros,
1048 1361 1139 1416 Itys
1173 1362 1282 1402 alter

181 1421 371 1464 Nomina
405 1422 440 1463 si
473 1422 642 1475 scribis,
674 1421 815 1475 prima
847 1421 1060 1462 elementa
1093 1420 1249 1473 adime,

121 1480 182 1523 Vt
214 1480 346 1523 facias
378 1481 575 1534 uerbum,
608 1480 719 1534 quod
751 1483 799 1521 tu
831 1479 957 1533 facis,
989 1479 1109 1520 Eune
1143 1479 1363 1533 magist-er.

181 1539 334 1581 Dicere
367 1553 434 1580 me
466 1539 636 1580 Latium
668 1553 754 1580 non
786 1539 906 1580 decet
939 1538 1228 1592 opprobrium.

215 1654 382 1689 LXXXII
407 1655 515 1688 inser.
535 1653 624 1688 GM
647 1654 806 1698 (Eunum
832 1664 897 1688 om.
922 1654 970 1687 M
991 1655 994 1696 Ι
1018 1652 1251 1697 liguritorem
1275 1652 1322 1697 G)
1350 1663 1415 1688 om.
1440 1653 1473 1686 Τ

123 1706 141 1736 1
158 1701 309 1736 affectas
320 1702 368 1747 Zj
384 1701 545 1746 phillida
561 1700 649 1734 TM
697 1704 716 1734 2
733 1699 854 1735 dicere
868 1700 916 1743 Τ]
933 1700 1084 1734 mollere
1100 1701 1173 1744 (pr.
1190 1700 1203 1733 1
1219 1700 1284 1734 dez.
1296 1711 1354 1744 pr.
1370 1701 1429 1743 m.)
1440 1700 1473 1733 T

120 1749 247 1784 uidere
276 1747 310 1783 G
406 1752 428 1782 4
455 1758 515 1783 ere
542 1748 590 1782 M
608 1750 611 1790 Ι
635 1746 807 1791 siplasiae
830 1747 878 1780 M
887 1746 920 1781 G
948 1747 999 1780 sic
1025 1746 1141 1791 plasie
1164 1746 1197 1780 T
1220 1757 1311 1782 corr.
1333 1747 1468 1782 Ferra-

119 1797 200 1831 rius
234 1796 238 1839 l
273 1806 372 1830 cauae
400 1795 433 1830 T
528 1799 547 1829 5
581 1796 710 1828 custon
743 1796 869 1829 ceston
901 1794 1106 1829 Beroaldus
1139 1793 1302 1837 Kyecton
1328 1793 1470 1828 Kocton

121 1844 202 1886 (free.
228 1853 342 1887 mary.
370 1843 502 1887 cyston
528 1842 669 1885 ceston)
697 1841 746 1874 M
768 1840 918 1885 chytom
946 1841 1117 1876 ehoctom
1146 1840 1178 1875 Τ
1202 1842 1310 1885 cyton
1338 1842 1470 1876 coeton

124 1889 158 1924 G
181 1893 184 1933 1
209 1889 375 1923 comunis
404 1890 450 1923 M
548 1892 568 1922 6
595 1888 653 1934 ac]
681 1888 719 1922 et
746 1887 779 1922 T

214 1947 400 1981 LXXXIII
438 1947 671 1982 coniunctum
702 1957 782 1981 cum
810 1947 992 1991 superiori
1016 1946 1051 1980 Z
1083 1947 1245 1981 seiunxit
1274 1945 1352 1981 Tolz
1449 1951 1468 1980 2

121 1993 303 2030 dissimile
333 1994 411 2029 Toll
434 1997 437 2037 Ι
461 1994 619 2029 olfatum
646 1994 680 2027 Z

215 2052 420 2087 LXXXIIII
458 2053 567 2087 inser.
596 2052 629 2087 G
661 2062 726 2086 om.
757 2051 845 2086 TM
940 2056 957 2086 1
991 2052 1185 2097 salgamon
1216 2051 1285 2086 hec
1311 2052 1397 2086 sunt
1424 2051 1472 2084 M

120 2103 141 2135 2
168 2111 237 2135 nec
262 2101 356 2134 bene
382 2111 414 2134 0.
441 2111 488 2133 m.
515 2109 584 2133 nee
610 2098 708 2133 male
737 2098 769 2133 T

215 2157 381 2193 LXXXV
408 2158 639 2192 coniunctum
665 2168 744 2192 eum
769 2158 951 2201 superiori
977 2158 1012 2191 Z
1040 2158 1116 2199 (sed
1140 2157 1325 2192 disiunaez't
1349 2156 1469 2191 rubri-

121 2208 222 2240 cazor
250 2205 295 2243 T)
380 2209 397 2238 1
424 2204 503 2249 lays
533 2204 565 2238 T
585 2207 589 2247 1
612 2205 719 2239 heros
747 2204 779 2238 G
803 2207 805 2247 Ι
830 2203 891 2239 itis
914 2204 946 2238 T
968 2204 1041 2248 ytis
1061 2204 1131 2246 M1
1155 2203 1304 2247 ehyrom
1328 2203 1360 2236 T
1383 2203 1468 2247 chy-

121 2263 188 2286 ron
215 2251 302 2286 MG
325 2254 330 2295 1
352 2252 458 2286 heros
486 2251 519 2285 G
542 2254 544 2293 Ι
575 2252 612 2285 et
637 2250 701 2284 itis
732 2251 764 2284 T
792 2252 829 2285 et
853 2252 925 2295 itys
954 2252 1002 2285 M
1033 2252 1070 2285 et
1094 2262 1159 2285 om.
1187 2250 1220 2284 G
1293 2254 1312 2284 2
1341 2249 1470 2285 scribis

122 2298 156 2333 G
254 2303 274 2333 4
302 2299 423 2344 decet]
450 2298 539 2333 liceb
567 2298 599 2332 Τ
619 2298 623 2344 Ι
647 2298 841 2334 obrobium
870 2298 919 2332 M
949 2298 1161 2342 oprobrium
1192 2297 1225 2331 G
