1563 2511
627 62 947 104 —170—

110 168 169 211 Et
201 170 392 210 correcta
423 168 562 223 magis
596 182 723 222 quam
756 167 1040 210 condemnata
1072 169 1254 224 uocabo‚
1418 180 1458 212 15

169 227 374 281 Adponet
406 226 519 269 docti
551 241 659 281 quae
691 226 797 267 mihi
828 227 932 268 lima
963 227 1057 269 uiri.

111 286 283 328 Interea
315 285 482 328 arbitrii
515 286 732 327 subiturus
765 285 956 339 pondera
986 287 1102 328 tanti

171 343 361 400 Optabo,
392 347 440 386 ut
470 345 682 399 placeam:
717 345 752 385 si
786 345 946 399 minus,
978 349 1026 387 ut
1058 346 1231 390 lateam.

40 484 73 511 Π
92 485 165 517 [300]
691 471 955 507 PROLOGVS.

112 556 287 611 Septem
320 556 552 610 sapientes,
584 571 740 598 nomen
772 557 926 611 quibus
958 557 1074 599 istud
1106 557 1221 599 dedit

111 614 316 670 Superior
349 617 465 657 aetas
497 630 576 657 nec
609 618 757 657 secuta
789 616 982 670 sustulit,
1419 629 1464 661 20

111 673 251 715 Hodie
284 675 330 715 in
363 674 626 716 orchestram
659 675 827 728 palliati
859 675 1081 729 prodeunt.

112 732 222 782 Quid
255 733 469 774 erubescis
502 735 568 787 tu,
599 735 749 788 togate
782 733 981 788 Romule,

113 790 321 833 Scaeuam
354 791 466 846 quod
499 792 740 833 introibunt
770 794 861 833 tam
893 793 999 834 clari
1031 794 1142 835 uiri‘?
1448 808 1463 833 5

111 849 251 892 Nobis
284 850 527 904 pudendum
559 850 659 902 hoc,
691 865 778 893 non
811 853 854 892 et
885 850 1044 893 Atticis
1077 867 1262 907 quoque:

113 908 277 957 Quibus
309 909 525 951 theatrum
559 909 700 951 curiae
732 910 910 964 praebet
942 910 1089 952 uicem.
1420 924 1463 955 25

111 967 285 1009 Nostris
316 969 488 1023 negotis
522 982 599 1009 sua
630 968 726 1010 loca
758 969 913 1010 sortito
948 969 1066 1011 data:

113 1025 301 1082 Campus
335 1027 540 1081 comitiis,
572 1030 620 1069 ut
652 1028 909 1082 conscriptis
942 1029 1074 1083 curia,

112 1084 272 1127 Forum
305 1088 432 1141 atque
464 1088 606 1128 rostra
639 1089 810 1141 separat
841 1088 907 1128 ius
941 1088 1109 1129 ciuium.
1433 1102 1466 1127 10

112 1143 211 1186 Vna
244 1147 309 1186 est
340 1145 526 1186 Athenis
559 1148 686 1201 atque
720 1146 764 1187 in
797 1146 915 1187 omni
947 1145 1128 1189 Graecia

112 1203 181 1244 Ad
213 1204 520 1246 consulendum
552 1204 714 1259 publici
747 1204 869 1246 sedes
902 1205 1003 1259 loci,
1421 1219 1465 1250 30

113 1261 251 1311 Quam
284 1264 328 1304 in
359 1263 464 1304 urbe
496 1265 645 1304 nostra
679 1278 774 1305 sero
807 1264 930 1305 luxus
963 1265 1165 1308 condidit.

112 1321 280 1363 Aedilis
314 1322 419 1363 olim
453 1337 651 1364 scaenam
683 1323 928 1364 tabulatam
961 1323 1092 1365 dabat

113 1379 267 1422 Subito
301 1381 530 1422 excitatam
564 1382 684 1422 nulla
716 1382 830 1423 mole
864 1396 1001 1423 saxea.
1435 1396 1466 1420 1⁵

112 1437 292 1481 Murena
325 1440 385 1481 sic
418 1443 460 1482 et
494 1439 680 1482 Gallius:
712 1443 818 1482 nota
850 1441 1038 1495 eloquar.

207 1571 251 1601 23
274 1578 325 1610 sq.
354 1567 398 1602 cf.
427 1567 532 1603 Corn.
560 1568 686 1612 Nepos
712 1568 826 1613 praef.
856 1572 875 1603 5

207 1618 250 1648 33
279 1614 331 1648 Of.
360 1616 447 1649 Tac.
474 1616 517 1650 A.
544 1614 647 1649 XIIII
673 1619 718 1650 20

207 1665 253 1695 34
278 1660 449 1708 Murena]
477 1661 604 1697 Cicero
630 1674 696 1707 pro
717 1662 871 1698 Murena
896 1675 926 1699 c.
950 1667 992 1699 19
1019 1666 1078 1709 (38
1100 1666 1205 1709 sqq.).
1246 1665 1340 1700 Plin.
1367 1677 1401 1700 n.
1427 1665 1462 1699 h.

113 1707 267 1743 XXXIII
283 1712 326 1744 53
355 1709 514 1755 Gallius]
537 1709 583 1744 cf.
598 1708 781 1745 Asconius
801 1710 840 1745 in
855 1712 947 1747 orat.
963 1711 1000 1747 in
1014 1714 1104 1757 toga
1118 1711 1278 1747 candida
1291 1725 1326 1758 p.
1342 1716 1387 1748 88
1404 1711 1462 1748 Or.

211 1831 251 1862 16
273 1827 452 1873 adponet]
476 1827 509 1861 V
529 1829 533 1872 Ι
556 1826 644 1861 111101
671 1827 705 1862 V
720 1828 834 1863 michi
855 1830 890 1864 P
963 1833 1004 1864 17
1026 1830 1152 1865 subitfi
1174 1833 1248 1875 (rus
1269 1831 1316 1866 al.
1337 1833 1466 1877 mara.)

112 1873 170 1918 ΡΙ
193 1874 355 1918 pondere
390 1874 437 1909 V²
531 1878 573 1909 18
602 1875 738 1910 obtabo
772 1876 820 1911 V¹
915 1881 956 1912 19
982 1876 1075 1912 istud
1101 1879 1147 1913 αῖ.
1175 1889 1266 1914 corr.
1301 1878 1334 1913 V
1422 1882 1467 1913 20

112 1956 180 1979 nec
213 1946 341 1980 secuta
366 1956 433 1988 1100
461 1945 498 1979 P
608 1949 650 1979 21
678 1946 789 1981 hodie
817 1932 840 1992 (ἵ
877 1948 906 1981 V
934 1948 1044 1983 hodie
1072 1959 1188 1995 queq3
1222 1949 1257 1983 V
1281 1960 1372 1985 corr.
1401 1949 1466 1984 Pi-

112 2003 236 2038 thoeus
258 2004 262 2049 Ι
285 2003 323 2038 111
350 2003 503 2039 orcistni
531 2004 566 2038 V
587 2004 626 2038 in
652 2004 770 2040 hortis
797 2006 876 2040 tam
902 2007 939 2041 P
1032 2011 1076 2042 22
1103 2008 1247 2043 rumule
1281 2008 1316 2042 V
1421 2011 1466 2042 23

114 2051 305 2096 scaenam]
341 2051 374 2085 V
405 2051 410 2096 Ι
445 2051 645 2086 introirunt
678 2052 712 2085 V
818 2056 864 2087 24
890 2065 963 2088 11011
989 2064 1054 2089 om.
1090 2054 1125 2088 V
1236 2059 1280 2090 26
1306 2055 1468 2100 negotiis

120 2097 198 2131 VP
221 2108 312 2133 corr.
337 2109 363 2142 12
461 2102 505 2133 27
534 2099 752 2133 conscribtis
786 2099 819 2133 V
913 2104 957 2135 28
986 2101 1106 2145 adque
1138 2102 1184 2135 V¹
1207 2103 1211 2146 Ι
1235 2104 1384 2147 separat
1410 2101 1467 2137 ius

114 2143 328 2190 Scaliger&
343 2149 363 2179 1
391 2146 572 2190 separatis
599 2146 672 2180 VP
741 2150 786 2181 29
814 2147 934 2191 adque
958 2148 1004 2181 1³¹
1027 2150 1031 2192 1
1062 2148 1187 2183 omina
1208 2149 1242 2183 V
1260 2150 1266 2194 Ι
1287 2149 1413 2194 grecia
1437 2149 1470 2184 V

185 2195 230 2226 30
255 2192 397 2236 publici
423 2193 520 2227 sedis
542 2193 576 2227 V
598 2192 758 2238 publicis
780 2194 859 2229 edis
874 2194 910 2228 P
932 2205 1022 2231 corr.
1051 2196 1085 2230 V
1081 2196 1218 2241 yoletus
1291 2200 1334 2231 31
1357 2207 1467 2241 quem

116 2238 152 2272 P
259 2243 303 2274 32
331 2240 520 2285 scaenam]
556 2240 590 2274 V
693 2244 736 2275 33
765 2241 958 2277 excitatam
986 2244 1077 2285 (tam
1103 2243 1143 2277 in
1170 2244 1255 2286 ras.)
1288 2243 1323 2278 V
1421 2247 1467 2279 34

114 2285 163 2320 sit
191 2286 242 2320 P*
265 2289 270 2331 Ι
292 2287 428 2331 gallios
463 2287 496 2319 V
517 2287 571 2330 (io
597 2288 655 2323 uel
680 2287 718 2322 iu
744 2292 808 2323 aut
834 2290 874 2324 in
901 2301 971 2324 ras.
1000 2294 1065 2326 aut
1090 2291 1131 2325 in
1155 2291 1301 2326 macula
1325 2292 1408 2336 scr.)
