1563 2511
609 66 663 70 ——
726 54 835 83 LXXI
901 66 949 70 —

192 147 239 204 4)
272 147 299 189 f.
327 147 543 188 6211--63ιι
570 147 784 200 epistulae
810 146 996 188 Graecae
1024 147 1204 189 Ausonii
1232 147 1285 188 ad
1308 147 1449 188 Pauli-

104 221 204 248 num
237 205 344 248 VIII
376 205 506 247 VIIII
538 204 641 260 (XII
672 205 810 247 XIIII.
842 207 941 247 401.
973 206 1101 261 402),

192 265 219 307 f.
246 265 318 307 64
320 265 457 306 -67“
488 279 641 319 uacua·

194 322 236 380 5)
270 324 298 365 f.
326 324 397 365 68
403 324 537 365 —-88¹¹
570 322 613 365 G
646 322 900 376 Calphurnii
933 337 1103 365 carmen
1134 312 1389 365 bucolicum.

102 398 188 425 una
215 383 356 424 omnia
382 396 511 424 manu
539 383 698 436 scripta
722 379 912 437 (praeter
934 382 1094 423 Graeca
1114 382 1316 438 carmina,
1343 396 1449 437 quae

103 442 246 484 1105010
281 456 336 483 an
368 441 476 482 alius
510 441 659 483 eodem
685 443 831 481 tamen
856 443 1050 495 tempore
1077 441 1309 495 eodemque
1338 444 1450 482 atra-

104 502 250 542 mento
283 500 548 555 suppleuerit
574 502 648 541 aut
675 499 762 540 suis
789 499 894 541 10015
922 502 1006 554 aut,
1038 500 1112 541 ubi
1137 515 1289 554 palum
1321 500 1451 554 spatii

103 560 336 613 reliquerat
380 559 601 614 librarius,
645 559 690 600 in
732 558 1002 612 marginibus
1047 559 1279 612 uacuisque
1318 559 1452 600 foliis:

102 618 293 673 neglexit
323 621 469 659 tamen
501 618 574 659 ille
607 632 669 671 ep.
698 617 731 658 L
765 620 807 658 et
833 617 936 658 XXI
970 615 1057 673 (31.
1086 615 1162 673 88)
1191 620 1233 658 et
1265 618 1386 672 epist.
1413 617 1453 658 X

103 675 251 734 (XIIII
271 675 376 732 403)
403 692 471 717 uu.
492 676 602 718 25—
611 675 700 732 35).
743 676 852 717 sed
841 691 884 717 111
912 676 1097 730 epistula
1122 676 1335 718 XXVIIII
1362 676 1453 717 lon-

103 735 306 791 gobardis
338 736 492 777 litteris
527 736 735 789 scriptum
769 735 989 789 exemplar
1021 736 1216 776 imitatur
1249 737 1303 785 et,
1338 735 1451 790 quod

102 794 382 836 memorabile
415 797 497 849 est,
528 809 581 835 ne
614 793 966 848 orthographiam
993 794 1164 849 quidem
1196 793 1358 835 uetusti
1384 808 1451 835 co-

103 853 209 895 dicis
247 853 449 908 neglexit.
507 868 589 908 quo
627 853 823 894 imitandi
856 853 999 894 studio
1033 854 1266 894 exercitata
1298 867 1450 894 manus

103 927 199 954 cum
232 913 284 953 ad
318 913 504 966 priorem
538 912 796 966 scripturam
827 912 1025 953 rediisset
1055 912 1099 952 in
1125 911 1330 966 Vrbibus,
1363 926 1451 952 ma-

102 971 235 1013 iorem
267 971 309 1011 in
344 971 404 1012 eis
439 973 481 1012 et
511 971 744 1012 firmiorem
778 971 952 1012 ductum
986 970 1174 1012 ostendit
1207 975 1249 1012 et
1274 970 1450 1011 liberius

102 1030 304 1071 imitandi
330 1044 476 1084 genus,
503 1032 545 1070 et
575 1030 739 1071 uidetur
764 1029 966 1070 librarius
993 1031 1114 1070 caute
1141 1030 1452 1084 diligenterque

104 1089 362 1142 exemplaris
400 1088 603 1143 uestigia,
636 1088 747 1142 quod
780 1089 893 1129 lectu
926 1088 1099 1129 difficile
1133 1091 1243 1143 erat,
1281 1092 1451 1129 secutus

104 1162 207 1189 esse.
258 1148 399 1202 ipsum
432 1161 598 1202 quoque
632 1161 783 1200 corpus
803 1147 1102 1188 Ausonianum
1136 1162 1185 1187 ex
1212 1147 1319 1188 satis
1346 1147 1452 1188 anti-

105 1221 187 1261 quo
214 1206 356 1248 codice
382 1206 689 1260 transcriptum
717 1206 853 1247 multa
880 1205 1047 1247 docent:
1082 1221 1133 1247 ex
1159 1206 1307 1247 eodem
1332 1205 1451 1248 fonte

103 1266 234 1307 etiam
277 1279 435 1319 magna
475 1280 574 1319 pars
612 1265 828 1306 uariarum
865 1264 1116 1320 lectionum,
1161 1279 1267 1319 quae
1308 1279 1451 1319 super-

103 1324 262 1378 scripta
295 1326 405 1378 sunt,
437 1323 643 1365 manauit.

193 1381 390 1424 Oodicem
420 1383 472 1423 ab
493 1382 685 1424 Iohanne
707 1382 820 1423 Tilio
848 1382 1068 1437 (episcopo
1096 1381 1327 1424 Brionensi
1352 1386 1453 1436 post

103 1439 336 1495 Meldensi)
382 1444 603 1496 acceptum
649 1442 866 1496 integrum
909 1441 1063 1482 habuit
1106 1440 1309 1496 Vinetus,
1353 1445 1453 1495 post

103 1515 200 1542 eum
232 1501 299 1542 usi
332 1503 431 1541 sunt
456 1499 648 1555 Scaliger
680 1502 722 1542 et
752 1500 929 1542 Tollius.
972 1500 1054 1541 hoc
1087 1501 1255 1542 saeculo
1282 1503 1451 1555 partem

103 1559 378 1601 contulerunt
408 1558 672 1614 EBoecking
706 1558 833 1613 1845,
866 1559 1083 1600 LMueller
1118 1559 1244 1613 1864,
1274 1558 1452 1600 EBaeh-

103 1633 200 1660 rens
236 1618 366 1672 1875,
403 1620 543 1659 totum
575 1617 798 1660 CSchenkl
831 1616 978 1674 (1875,
1015 1619 1140 1672 1880,
1176 1617 1326 1673 1882),
1358 1618 1451 1673 ipse

103 1677 267 1719 contuli
299 1676 421 1718 annis
458 1678 569 1719 1876
604 1680 645 1718 et
680 1678 804 1719 1884.

193 1734 316 1777 Cedit
354 1737 610 1777 auctoritate
643 1735 831 1790 Tiliano,
869 1750 1129 1789 quamquam
1165 1735 1310 1776 multis
1343 1735 1450 1777 10015

106 1798 171 1836 est
209 1795 380 1849 melior,
419 1795 824 1848 Mayliabecchimws
855 1794 1099 1835 Florentiae
1126 1794 1146 1835 I
1173 1794 1211 1846 6,
1238 1794 1292 1835 29
1327 1792 1450 1850 (011111
1476 1804 1526 1838 M

104 1853 356 1895 monasterii
393 1853 481 1894 diui
520 1853 656 1895 Marci
687 1851 848 1909 5243»
891 1853 1069 1894 membr.
1111 1867 1141 1894 5.
1174 1852 1305 1894 XIIII
1343 1853 1451 1895 med.

104 1912 333 1954 constabat
366 1912 638 1966 quinionibus
665 1912 728 1953 XI
761 1911 866 1968 (non
892 1910 1010 1967 XII),
1042 1912 1322 1966 quaternione
1354 1927 1452 1966 uno,

105 1971 380 2025 quinionibus
413 1971 508 2024 duo,
539 1971 644 2013 folio
677 1986 776 2013 uno.

193 2030 221 2071 f.
249 2030 445 2072 1--11611
480 2030 668 2072 Ennodii
707 2031 910 2084 opuscula
945 2044 1031 2071 non
1069 2032 1182 2071 tota:
1222 2044 1322 2071 nam
1361 2031 1450 2085 qui-

105 2089 246 2130 nionis
278 2089 491 2131 undecimi
525 2091 727 2143 quattuor
758 2090 910 2131 ultima
940 2089 1046 2131 folia
1079 2103 1175 2130 cum
1200 2088 1339 2130 tribus
1365 2089 1450 2144 pri-

201 2180 235 2225 *)
260 2181 298 2214 in
329 2180 420 2216 folio
452 2181 616 2225 praefixo
649 2181 802 2226 legitur:
838 2181 931 2225 „Iste
962 2180 1058 2215 liber
1091 2183 1148 2216 est
1173 2182 1374 2215 conuentus
1402 2191 1450 2214 50.

99 2227 222 2262 marie
255 2228 300 2262 de
331 2228 501 2263 florentia
527 2228 664 2263 ordinis
690 2229 989 2273 praedicatorum
1016 2239 1124 2271 quem
1149 2228 1235 2262 huic
1264 2228 1342 2273 [leq.
1369 2226 1452 2261 huit

106 2275 132 2307 ί.
159 2274 306 2320 habuit]
333 2285 355 2308 a
381 2286 503 2310 cosmo
531 2276 575 2309 de
601 2275 790 2310 medicis.“
836 2278 873 2310 et
899 2279 989 2317 „289
1019 2275 1126 2310 Carte
1154 2276 1254 2309 cnx“.
