1563 2511
621 59 938 101 -266—

102 163 182 204 His
216 177 295 216 ego
329 163 522 218 quaesiui
554 165 755 206 meritum
788 181 916 221 quam
949 166 1109 221 grande
1140 168 1289 222 nepoti

103 221 264 264 Consul
297 237 402 264 auus
436 223 664 278 lumenque
697 227 796 266 tuae
828 227 1053 280 praeluceo
1088 226 1215 268 uitae.
1405 237 1449 268 95

103 280 309 329 Quamuis
342 284 385 322 et
416 281 557 335 patrio
588 282 836 324 iamdudum
870 286 1043 326 nomine
1076 286 1214 326 clarus

102 338 257 381 Posses
291 344 491 395 ornatus,
521 356 671 395 posses
705 345 906 385 oneratus
939 343 1106 385 haberi:

101 396 298 440 Accessit
328 401 472 441 tamen
507 414 557 441 ex
588 401 713 442 nobis
745 401 885 443 honor
917 402 1101 444 inclitus.
1149 403 1262 443 hunc
1293 405 1340 443 tu

99 455 253 511 Effice,
284 472 337 499 ne
370 459 427 500 sit
459 473 584 512 onus,
616 474 693 514 per
725 463 767 501 te
800 462 848 501 ut
880 461 1055 502 conixus
1088 461 1132 502 in
1165 461 1301 502 altum

101 514 370 558 Conscendas
404 531 630 572 speresque
663 520 761 560 tuos
794 522 837 559 te
871 519 1043 560 consule
1075 520 1226 561 fasces.
1382 530 1448 561 100

26 642 135 669 XXIII
156 644 219 675 [409
244 645 300 676 Ep.
311 646 422 676 xvnu]

98 688 340 725 AVSONIVS
368 690 545 726 PONTIO
572 691 783 726 PAVLINO
808 693 936 727 FILIO
965 693 1065 727 CVM
1091 694 1201 728 ILLE
1229 692 1448 728 MISISSET

157 736 450 772 POEMATIVM
476 738 712 772 VERSIBVS
741 739 969 774 PLVRIMIS
995 740 1058 774 DE
1085 741 1294 776 REGIBVS
1321 740 1386 775 EX

465 784 778 828 TRANQVILLO
806 786 1080 823 COLLECTIS.

99 865 355 909 Condiderat
386 869 473 911 iam
507 868 619 911 Solis
653 884 784 924 equos
817 870 1014 913 Tartesia
1044 869 1176 925 Calpe

98 924 403 982 Stridebatque
435 929 547 970 freto
581 928 707 970 Titan
741 929 826 970 iam
860 930 1004 985 segnis
1036 929 1215 972 Hibero:

98 984 189 1025 Iam
223 987 496 1028 succedentes
530 988 752 1042 quatiebat
785 988 906 1030 Luna
937 989 1159 1044 iuuencas,

97 1042 302 1085 Vinceret
333 1049 381 1087 ut
412 1047 613 1088 tenebras
645 1047 777 1088 radiis
810 1048 931 1089 uelut
964 1048 1133 1089 aemula
1164 1048 1331 1090 fratris:

95 1101 187 1143 Iam
220 1103 415 1146 uolucres
448 1105 757 1160 hominumque
791 1121 926 1162 genus
960 1107 1199 1160 superabile
1233 1108 1345 1149 curis
1427 1118 1447 1149 5

96 1160 343 1204 Mulcebant
374 1164 533 1218 placidi
564 1166 800 1219 tranquilla
832 1166 994 1207 obliuia
1027 1166 1185 1207 somni:

97 1219 376 1263 Transierant
407 1223 520 1276 idus,
554 1223 719 1265 medius
754 1239 954 1278 suprema
986 1224 1222 1266 December

98 1277 313 1334 Tempora
345 1284 526 1323 uenturo
558 1284 822 1337 properabat
853 1284 1028 1338 iungere
1061 1283 1183 1326 Iano:

96 1336 155 1379 Et
186 1352 321 1380 nonas
355 1340 541 1382 decimas
576 1341 628 1381 ab
663 1356 707 1382 se
739 1356 823 1383 nox
857 1343 987 1397 longa
1018 1342 1223 1384 kalendas

94 1395 259 1451 Iugiter
291 1399 420 1440 acciri
453 1400 707 1441 celebranda
740 1401 791 1442 ad
824 1401 937 1442 festa
970 1401 1157 1442 iubebat.
1403 1412 1445 1444 10

183 1479 347 1534 Nescis,
373 1484 492 1536 puto⁷
514 1482 614 1536 quid
634 1483 766 1524 uelim
787 1486 854 1524 tot
874 1483 1069 1525 uersibus
1090 1484 1240 1525 dicere.
1278 1483 1444 1525 medius

94 1537 220 1579 fidius
252 1553 388 1594 neque
421 1554 500 1595 ego
533 1541 638 1582 bene
672 1542 895 1596 intellego:
928 1545 1072 1584 tamen
1107 1543 1313 1597 suspicor.
1359 1543 1444 1584 iam

93 1596 235 1649 prima
265 1613 351 1639 nox
385 1604 477 1641 erat
510 1603 609 1641 ante
643 1600 754 1641 diem
787 1615 947 1642 nonum
981 1602 1191 1643 decimum
1225 1602 1310 1644 kal.
1343 1601 1444 1656 Ian.7

187 1741 232 1772 94
259 1737 289 1772 is
318 1739 355 1772 P
382 1740 386 1781 Ι
418 1724 518 1783 {sibi
552 1739 584 1772 V
606 1719 782 1773 iffdritum
809 1740 899 1783 (met
925 1741 971 1775 αῖ.
999 1742 1058 1784 ss.)
1091 1741 1146 1785 Vl
1181 1741 1308 1787 quam]
1338 1741 1445 1785 quasi

94 1784 180 1828 (qvi)
207 1785 243 1819 P
313 1789 356 1820 95
384 1786 597 1831 praeluceos
621 1789 653 1830 (r
678 1786 822 1829 εναεοὲ)
854 1787 888 1821 V
908 1787 1125 1832 praeluceat
1150 1788 1187 1823 P
1257 1792 1300 1823 96
1329 1799 1441 1833 quan-

91 1830 148 1864 uis
178 1831 211 1864 T
307 1836 349 1867 97
377 1844 568 1877 possessor
593 1835 702 1868 natus
734 1833 808 1868 VT
843 1846 1010 1877 possesso
1044 1837 1196 1870 ornatus
1225 1836 1261 1869 P
1290 1837 1294 1878 Ι
1329 1836 1444 1871 hono-

90 1879 194 1912 ratus
229 1878 342 1914 VTG
368 1882 520 1915 ornatus
550 1880 625 1914 PL
653 1882 803 1915 ornatus
829 1881 950 1917 Paris.
975 1884 980 1926 l
1003 1882 1106 1917 aberi
1140 1882 1186 1916 V¹
1272 1887 1316 1918 98
1342 1881 1444 1917 ineli-

90 1925 149 1959 tus
179 1925 227 1958 Ps
258 1925 419 1970 inclytus
448 1928 482 1961 Z
514 1928 519 1971 Ι
556 1927 642 1962 hinc
669 1928 704 1962 P
798 1932 840 1962 99
868 1929 987 1963 honus
1021 1929 1055 1963 V
1085 1931 1090 1974 l
1125 1929 1292 1974 conixus]
1326 1930 1402 1964 VP

93 1998 158 2030 100
180 1997 385 2031 censendas
399 1997 448 2031 Ps
471 1998 475 2041 Ι
499 1984 643 2041 seperes
661 1998 694 2031 V
712 2000 716 2043 Ι
739 1999 852 2033 fastes
867 1999 914 2034 Ρ3
936 2000 940 2046 1
964 2000 1128 2044 Explicit
1147 2001 1393 2045 protrepticos
1410 2001 1446 2035 P

21 2055 58 2087 Z
186 2054 306 2089 XXIII
332 2055 492 2090 Ausonio
514 2056 583 2099 ΜΙ
606 2057 763 2102 mississ3
790 2058 968 2101 poematii
997 2058 1058 2103 ΤΙΙ
1090 2063 1106 2093 1
1135 2070 1246 2102 equos
1273 2070 1338 2094 om.
1362 2059 1409 2093 M
1436 2071 1437 2085 1

90 2102 248 2136 cartasia
278 2102 310 2136 T
344 2103 502 2137 tartasia
531 2104 579 2137 M
674 2108 693 2138 2
721 2104 795 2138 iam
822 2105 945 2149 segnis
974 2106 1106 2149 Peiper
1144 2105 1301 2150 insignis
1330 2107 1364 2141 Z

92 2152 135 2183 10
162 2148 253 2184 acii-i
283 2149 338 2193 Tl
367 2150 536 2195 iubebat]
564 2151 725 2185 uocabat
754 2151 786 2184 T
815 2153 826 2196 Η
858 2152 913 2186 Ad
941 2153 1097 2187 eundem
1124 2153 1294 2197 pontium
1321 2154 1440 2198 pauli-

89 2207 177 2230 num
204 2197 411 2232 rubricator
436 2198 477 2231 in
499 2209 610 2242 victry.
635 2197 718 2238 T,G
795 2203 834 2232 11
862 2197 992 2233 Nescis
1019 2200 1099 2234 init.
1127 2200 1240 2234 minio
1266 2211 1331 2235 scr.
1362 2201 1395 2234 T

92 2246 134 2276 12
162 2254 230 2287 ego
255 2244 287 2278 T
309 2244 388 2288 ipse
404 2244 495 2279 GM
516 2247 521 2288 Ι
553 2244 724 2289 intelligo
741 2246 775 2279 Z
795 2248 798 2287 Ι
821 2246 1055 2289 supplicorG
1132 2251 1173 2281 13
1199 2246 1285 2282 kal'.
1314 2247 1385 2282 ian.
1413 2247 1446 2282 T

91 2289 164 2325 kal'
191 2291 274 2325 lan*
302 2292 351 2325 M
384 2291 627 2326 kalendarum
654 2291 906 2327 Ianuariarum
934 2294 966 2327 G
