1563 2511
56 309 100 340 67

645 70 959 111 —370—

124 178 237 221 lior?
280 180 428 232 operto
469 176 685 218 conclauis
723 176 787 217 tui
824 189 912 216 non
945 175 1134 216 sanctior
1165 189 1239 216 ara
1270 174 1471 228 Vestalis,
1491 187 1543 216 430

126 252 213 280 non
242 236 461 291 pontificis
488 235 627 277 cubile
655 235 815 276 castius
842 248 917 275 nec
944 234 1143 289 puluinar
1168 234 1354 275 flaminis
1380 235 1471 275 tam

127 296 340 352 pudicum.
390 296 435 336 in
468 294 620 336 officiis
654 294 886 335 amicorum
919 308 1005 334 non
1038 293 1130 334 dico
1164 292 1287 347 paria
1312 292 1472 334 reddis:

128 355 353 397 anteuenis
405 357 464 407 et,
514 353 709 408 quotiens
754 353 798 393 in
843 352 1115 407 obsequendo
1167 351 1473 406 praecedimus,

129 414 343 456 erubescis
384 413 544 467 pudore
582 414 674 453 tam
713 411 918 465 obnoxio,
964 426 1091 465 quam
1135 410 1178 451 in
1217 410 1343 452 nobis
1383 424 1473 451 esse

0 485 139 511 {XVIIII
177 473 351 514 deberet
379 472 433 514 ab
464 471 723 525 imperatore
750 470 1006 524 praeuentis.
1056 470 1101 510 in
1132 469 1208 510 illa
1233 483 1335 510 uero
1364 469 1473 523 sede,
1492 487 1545 513 435

58 780 101 811 68

58 1251 100 1282 69

129 535 177 574 ut
211 547 260 572 ex
294 545 411 572 more
442 531 678 584 loquimur,
715 529 981 582 consistorii,
1020 531 1068 569 ut
1100 542 1180 583 ego
1214 528 1372 582 sentio,
1411 543 1474 569 sa-

129 590 256 633 crarii
300 590 381 640 tui,
432 590 575 630 nullus
621 603 826 642 umquam
872 587 1136 641 superiorum
1182 590 1256 628 aut
1300 587 1476 628 dicenda

127 650 303 704 pensius
337 648 548 703 cogitauit
575 649 649 688 aut
676 647 914 687 consultius
942 646 1131 700 cogitata
1164 645 1375 700 disposuit
1403 648 1477 686 aut

129 708 339 763 disposita
372 707 580 748 maturius
616 705 842 759 expediuit.

216 766 308 808 XV.
342 767 399 807 Et
431 765 574 820 aliqua
601 765 652 805 de
680 764 880 805 oratoriis
908 763 1141 804 uirtutibus
1168 763 1254 804 tuis
1281 763 1476 816 dicerem,
1495 783 1548 807 440

127 826 211 867 nisi
236 839 408 866 uererer
432 824 540 865 mihi
567 823 811 879 gratificari.
856 837 942 864 non
969 823 1080 863 enim
1104 821 1315 876 Sulpicius
1341 822 1478 863 acrior

129 885 173 926 in
218 884 491 926 contionibus
534 896 612 924 nec
655 882 832 923 maioris
872 881 1052 923 Gracchi
1098 880 1479 922 commendabilior

129 943 342 985 modestia
380 942 464 983 fuit
502 956 580 983 nec
617 941 754 996 patris
793 941 858 982 tui
892 940 1066 995 grauior
1097 940 1343 982 auctoritas.
1407 940 1479 994 qui

129 1005 253 1044 tenor
291 1003 428 1054 uocis,
474 1015 568 1042 cum
607 1000 786 1041 incitata
830 1000 1102 1055 pronuntias3
1150 1013 1257 1053 quae
1294 999 1478 1050 inflexio,

130 1075 223 1102 cum
250 1061 446 1115 remissa,
478 1074 585 1115 quae
612 1059 881 1113 temperatio,
908 1073 1003 1100 cum
1029 1061 1211 1112 utraque
1238 1058 1476 1112 dispensas!
1497 1077 1549 1103 445

130 1121 222 1174 quis
245 1123 464 1162 oratorum
492 1120 605 1160 laeta
625 1118 863 1172 iucundius,
889 1117 1075 1159 facunda
1095 1118 1264 1170 cultius,
1290 1130 1479 1171 pugnan-

126 1180 189 1220 tia
222 1179 413 1233 densius,
452 1179 631 1219 densata
671 1177 958 1233 glomerosius
993 1179 1066 1218 aut
1098 1176 1204 1217 dixit
1236 1179 1328 1226 aut,
1367 1175 1479 1231 quod

129 1241 195 1279 est
225 1238 428 1291 liberum,
461 1237 700 1292 cogitauit?
735 1237 909 1290 uellem,
943 1236 977 1277 si
1009 1250 1149 1277 rerum
1179 1239 1333 1276 natura
1365 1237 1480 1289 pate-

129 1300 267 1351 retur,
305 1296 546 1352 Xenophon
586 1295 746 1348 Attice,
791 1295 835 1335 in
875 1310 1028 1336 aeuum
1065 1297 1260 1335 nostrum
1299 1295 1480 1344 uenires,

126 1358 192 1410 tu,
238 1357 310 1411 qui
351 1356 403 1396 ad
444 1354 546 1410 Cyri
584 1355 767 1395 uirtutes
813 1353 1081 1408 exequendas
1127 1356 1277 1395 uotum
1321 1353 1478 1408 potius,
1499 1373 1551 1398 450

128 1430 255 1470 quam
289 1415 516 1456 historiam
551 1413 853 1456 commodasti:
885 1428 980 1454 cum
1013 1413 1192 1466 diceres,
1223 1427 1308 1453 non
1339 1412 1479 1467 qualis

223 1535 290 1565 441
319 1530 392 1565 Cic.
420 1531 465 1565 de
493 1542 543 1565 or.
571 1529 622 1564 ΙΙΙ
649 1534 691 1564 31
721 1530 766 1564 cf.
795 1529 827 1563 II
854 1533 897 1564 88

223 1582 291 1613 450
332 1578 458 1613 Cicero
492 1589 546 1622 ep.
576 1578 620 1612 ad
650 1577 827 1619 Quintum
853 1577 896 1611 fr.
924 1575 940 1609 Ι
969 1581 1005 1618 1,
1032 1578 1052 1609 8
1081 1577 1172 1621 (23):
1215 1574 1330 1620 Cyrus
1369 1574 1433 1610 ille
1460 1587 1481 1610 a

128 1626 374 1670 Xenophonte
401 1637 475 1660 11011
501 1625 547 1659 ad
573 1624 753 1659 historiae
789 1624 899 1658 fidem
933 1623 1110 1668 scriptus,
1149 1623 1213 1657 sed
1245 1623 1292 1656 ad
1319 1622 1479 1668 effigiem

127 1673 218 1708 iusti
248 1673 405 1718 imperii.

751 1750 788 1767 ne

223 1782 289 1813 431
324 1791 391 1813 nec
419 1782 502 1813 ante
527 1777 716 1823 puluinar]
743 1778 791 1812 no
817 1788 876 1821 pr.
904 1788 994 1811 corr.
1026 1777 1058 1810 T
1084 1778 1088 1820 1
1124 1776 1244 1810 Hamis
1271 1776 1320 1810 M
1413 1780 1479 1810 432

127 1827 175 1869 11ᾧ
202 1826 240 1860 111
268 1826 397 1860 officiis
429 1826 460 1859 T
487 1827 491 1869 Ι
524 1828 607 1870 pria
633 1824 709 1870 Ml
746 1824 867 1859 reddis
900 1825 1115 1867 Acidaliae,
1150 1823 1256 1858 reddi
1284 1824 1318 1857 Z
1412 1827 1480 1858 433

128 1873 403 1918 praecedimus]
438 1873 696 1917 praeuenimus
723 1872 772 1906 M
863 1875 932 1906 435
958 1870 1154 1916 praeuenti
1180 1871 1229 1905 M
1320 1874 1389 1906 436
1425 1882 1480 1905 sa-

129 1920 255 1954 crarii:
282 1919 337 1954 tui
366 1919 490 1954 nullus
520 1920 552 1953 T
647 1923 715 1953 437
743 1930 904 1962 unquam
936 1918 1009 1953 TG-

223 1967 290 2001 XV
321 1971 390 2001 440
417 1966 492 2010 alic]
519 1966 551 2000 G
586 1967 590 2010 Ι
625 1965 698 2000 tuis
731 1965 931 2000 uirtutibus
959 1966 1008 2000 M
1100 1969 1166 2000 441
1200 1975 1366 1999 uerrerer
1392 1965 1441 1999 M
1476 1966 1478 2009 i

130 2014 304 2059 sulpitius
330 2014 364 2047 Z
458 2017 526 2047 442
563 2013 814 2057 contionibus]
846 2013 917 2047 TG
1014 2016 1084 2047 444
1116 2012 1338 2057 pronuncias
1368 2012 1440 2046 TG
1475 2013 1478 2057 ι

128 2061 261 2097 inflexo
289 2061 337 2095 M
365 2061 379 2096 i
407 2060 534 2095 felixio
562 2061 594 2095 G
692 2064 759 2095 446
786 2060 979 2094 iocundius
1010 2060 1097 2094 TM
1126 2062 1131 2104 Ι
1165 2059 1342 2094 facundia
1367 2059 1415 2093 M

129 2148 197 2179 447
223 2143 467 2189 glomeratius
494 2143 526 2177 G
553 2116 869 2188 glomergilffffpr.
898 2142 994 2177 osius
1020 2145 1080 2186 ss.)
1111 2143 1144 2176 T
1167 2141 1411 2186 glomerosius
1438 2142 1487 2176 M

178 2218 246 2248 448
272 2213 427 2248 liberius
455 2213 650 2248 Acidalius
681 2214 684 2259 l
721 2213 857 2258 rerum]
892 2224 1021 2247 uerum
1050 2213 1083 2247 G
1181 2217 1249 2247 449
1276 2197 1481 2257 Xengphon

131 2262 250 2296 actice
279 2261 335 2304 T]
363 2262 401 2295 in
428 2272 510 2295 eum
538 2261 570 2295 G
668 2264 735 2295 450
763 2260 851 2305 quid
878 2261 924 2295 ad
951 2261 1011 2305 Gl
1044 2259 1111 2295 ciri
1141 2260 1174 2295 T
1261 2263 1327 2294 451
1356 2261 1481 2304 hysto-

130 2309 222 2344 riam
252 2309 299 2343 M
331 2313 335 2351 1
372 2308 578 2344 comodasti
609 2308 641 2342 T
