1563 2511
602 66 893 108 —65-

75 171 289 214 Praesidis
321 170 649 225 Hispanumque
682 171 764 212 tibi
795 172 982 214 tribuere
1014 173 1214 216 tribunal.

74 230 295 272 Decedens
325 229 519 284 placidos
551 244 691 272 mores
724 231 1044 286 tranquillaque
1076 233 1192 275 uitae

74 289 287 344 Tempora
317 289 542 343 praediues
575 289 707 331 finisti
740 289 839 331 sede
872 288 1075 332 Cadurea.
1378 304 1420 335 15

72 347 156 390 Sed
187 348 355 403 patriae
387 350 429 390 te
461 348 555 390 iura
586 352 745 390 uocant
779 354 821 390 et
853 349 974 403 origo
1007 353 1255 405 parentum,

71 405 330 462 Burdigalae
363 410 411 448 ut
441 422 612 448 rursum
643 422 802 449 nomen
833 407 883 449 de
915 408 1088 450 rhetore
1120 409 1284 451 reddas.

2 535 75 566 [208]
138 521 270 557 XVIII.
314 521 576 558 MARCELLO
603 522 851 557 MARCELLI
875 523 1004 559 FILIO
1033 523 1354 561 GRAMMATICO

580 569 908 606 NARBONENSI.

71 641 162 684 Nec
193 644 236 684 te
268 641 471 684 Marcello
504 643 715 697 genitum,
747 642 967 697 Marcelle,
999 643 1155 697 silebo,

129 701 297 755 Aspera
328 715 454 756 quem
485 702 680 756 genetrix
711 702 835 753 urbe,
869 702 995 744 domo
1028 703 1214 757 pepulit:

71 758 152 801 Sed
184 761 360 802 fortuna
392 763 545 815 potens
579 761 664 802 cito
696 761 881 802 reddidit
913 761 1057 803 omnia
1090 765 1132 803 et
1165 762 1303 804 auxit:

128 818 349 861 Amissam
381 820 569 873 primum
599 818 745 861 Narbo
779 820 895 868 dedit
925 821 1127 875 patriam.

67 877 240 920 Nobilis
272 878 342 920 hic
374 878 532 933 hospes
565 877 809 921 Clarentius
841 879 984 920 indole
1016 883 1159 922 motus
1399 891 1418 922 5

129 938 318 992 Egregia
350 940 497 978 natam
531 937 730 993 coniugio
765 938 985 979 adtribuit.

67 998 169 1039 Mox
203 997 350 1038 schola
382 999 425 1050 et
457 996 627 1038 auditor
658 997 818 1038 multus
849 999 1159 1052 praetextaque
1190 998 1327 1052 pubes

128 1055 410 1097 Grammatici
440 1070 599 1097 nomen
631 1056 890 1111 diuitiasque
923 1056 1051 1097 dedit.

71 1115 153 1158 Sed
184 1128 420 1169 numquam
452 1115 595 1169 iugem
628 1129 799 1156 cursum
830 1115 1004 1156 fortuna
1037 1115 1259 1170 secundat,

128 1174 386 1215 Praesertim
418 1173 542 1227 praui
572 1176 732 1215 nancta
764 1174 905 1215 uirum
935 1173 1110 1228 ingenii.
1377 1186 1419 1217 10

70 1234 228 1276 Verum
262 1232 478 1275 oneranda
510 1232 615 1273 mihi
647 1247 734 1274 non
768 1235 884 1286 sunt,
916 1233 1197 1274 memoranda
1229 1235 1372 1288 recepi

128 1292 254 1345 Fata,
287 1294 355 1332 sat
387 1294 452 1332 est
485 1291 649 1333 dietum
681 1294 833 1333 cuncta
863 1291 1027 1346 perisse
1061 1292 1206 1333 simul:

68 1350 167 1394 Non
199 1354 346 1392 tamen
378 1353 420 1391 et
450 1365 626 1405 nomen,
658 1365 741 1405 quo
774 1354 815 1392 te
847 1365 934 1392 non
965 1350 1137 1405 fraudo,
1168 1354 1388 1407 receptum

127 1410 245 1452 Inter
277 1410 583 1465 grammaticos
615 1410 863 1464 praetenuis
895 1410 1050 1452 meriti.

0 1528 70 1561 [209]
269 1513 418 1548 XVIIII.
451 1513 669 1549 SEDATVS
695 1513 892 1549 RHETOR
916 1513 1215 1550 TOLOSANVS.

66 1587 254 1643 Relligio
288 1589 369 1639 est,
400 1587 581 1630 tacitum
615 1587 650 1628 si
681 1589 742 1641 te,
776 1585 947 1642 Sedate,
979 1587 1237 1641 relinquam,

128 1647 334 1696 Quamuis
368 1646 549 1688 docendi
581 1661 734 1687 munus
766 1645 938 1701 indepte
971 1661 1014 1687 es
1049 1646 1164 1688 foris.

69 1705 318 1748 Communis
351 1705 494 1759 patria
527 1708 591 1746 est
622 1708 763 1746 tecum
796 1704 921 1746 mihi:
955 1708 1070 1746 sorte
1102 1706 1290 1759 potentis

128 1765 225 1806 Fati
257 1764 457 1806 Tolosam
488 1767 671 1806 nanetus
705 1778 748 1805 es
783 1764 925 1805 sedem
958 1764 1144 1806 scholae.

67 1823 163 1865 Illic
195 1823 442 1878 coniugium
473 1824 649 1878 natique
682 1823 945 1877 opulensque
978 1826 1174 1865 senectus
1397 1835 1416 1865 5

128 1882 186 1924 Et
218 1883 352 1936 fama,
384 1897 541 1938 magno
575 1882 716 1937 qualis
751 1886 815 1924 est
846 1897 925 1937 par
956 1882 1131 1924 rhetori.

164 1992 206 2022 17
233 1989 270 2022 te
296 1987 444 2022 rhetore
470 1987 648 2022 Heinsius

161 2047 283 2081 XVIII
308 2047 357 2082 fil.
384 2045 601 2081 Grammati.
632 2045 685 2080 V*
785 2051 801 2081 1
830 2046 977 2091 genitus
1012 2046 1064 2080 V*
1089 2056 1180 2081 corr.
1208 2046 1336 2081 Dousa

69 2097 89 2127 2
117 2094 277 2138 genitrix
308 2093 358 2128 V*
455 2098 474 2128 3
503 2096 540 2129 et
566 2093 690 2128 omnia
722 2094 755 2127 V
757 2093 776 2114 ²1*
804 2093 929 2128 omnia
954 2094 992 2128 et
1018 2094 1205 2128 Pulmmm
1230 2094 1338 2128 tacite

70 2145 89 2174 6
117 2141 306 2185 egregiam
336 2140 387 2175 V*
414 2152 504 2176 corr.
532 2141 709 2176 Heinsius
806 2145 826 2175 9
860 2152 1048 2185 nunquam
1079 2140 1131 2175 V*
1231 2145 1273 2176 10
1305 2142 1418 2175 nacta

78 2187 129 2221 V*
228 2192 269 2222 11
297 2188 515 2223 honoranda
547 2188 581 2223 V
603 2199 694 2224 corr.
721 2187 884 2234 Scaliyer
909 2192 944 2232 1,
971 2191 1019 2223 12

165 2245 303 2281 XVIIII
381 2251 401 2281 2
440 2246 591 2292 indepte
628 2246 680 2281 V*
729 2258 820 2283 corr.
866 2247 1027 2292 Scaliqer
1060 2251 1092 2289 1,
1125 2249 1173 2282 12
1224 2246 1417 2289 indeptum

70 2294 200 2329 Dousa
224 2294 397 2338 indeptus
432 2294 582 2330 Vinctus
697 2298 718 2328 4
744 2296 874 2330 nactus
903 2295 955 2329 V*
1072 2299 1091 2329 6
1119 2293 1239 2338 qualis
1268 2295 1323 2327 est
1350 2304 1417 2337 par

142 2359 314 2385 Avsomvs.
1183 2356 1203 2385 5
