1563 2511
553 98 601 103 -·
666 85 848 115 XXXVIII
917 99 962 104 -

276 177 384 223 logne
410 177 556 212 urbium
582 177 772 212 nobilium.
812 182 1012 223 sequuntur
1037 179 1082 213 ab
1107 178 1274 214 Ausonio
1300 179 1432 222 aliena,

277 235 369 270 quae
394 226 563 260 indicaui
594 224 726 260 Ueberl.
754 227 845 261 222.
883 237 910 260 e.
932 236 964 270 9.
984 226 1010 268 f.
1033 228 1095 261 75ιΓ
1125 225 1204 260 vita
1228 225 1431 260 Prudentii.

277 283 357 307 cum
395 273 555 306 carmine
594 272 638 306 de
676 272 779 307 uitiis
824 278 861 308 et
899 272 1099 308 uirtutibus
1140 274 1173 308 xi.
1201 274 1434 317 praefatione

279 319 552 354 Cathemerinon
588 319 673 362 (Per
710 319 961 364 quinquennia
998 320 1073 354 iam
1112 320 1240 355 decem
1280 341 1322 345 —
1361 320 1433 354 Ex-

277 367 497 411 cuciensque
523 366 595 411 piis
622 366 667 401 de
691 367 876 402 mentibus
901 366 1000 402 uicia
1026 368 1186 411 cuncta).

175 426 238 468 De
271 427 352 470 hoc
384 428 494 469 libro
521 427 747 469 Tristanus
776 427 958 470 Chalcus
991 429 1037 469 in
1065 427 1262 469 Historia
1294 429 1434 482 patria

87 487 111 527 l.
142 486 185 527 II
223 486 277 528 ad
310 502 344 528 a.
378 487 463 528 379
503 485 697 541 (Graeuii
741 487 865 528 Thes.
899 487 1031 541 antiq.
1062 487 1215 528 Italiae
1252 486 1296 528 II
1340 487 1432 528 139.

87 546 285 600 Argelati
305 545 324 586 I
350 561 391 600 p.
411 544 687 601 CCCXXIII)
708 546 811 601 agit.
836 560 937 587 nam
963 546 1013 587 de
1032 546 1226 587 Ausonio
1252 546 1432 601 loquens

88 604 202 646 dolet
234 605 420 646 eiusdem
453 605 646 646 libellum
686 605 735 646 de
769 605 894 646 claris
927 605 1104 646 urbibus
1137 605 1294 646 iniuria
1324 608 1432 646 tem-

86 677 239 717 porum
278 664 432 706 maiori
471 679 521 705 ex
558 666 680 718 parte
720 664 967 705 mutilatum
1007 667 1049 705 et
1088 664 1311 705 dimidiata
1345 678 1432 706 car-

87 722 204 764 mina
235 722 366 765 fuisse
400 722 646 777 subditque:

179 790 257 826 Nos
283 793 431 826 uetusto
457 791 583 826 codice
617 804 660 826 ex
689 791 877 826 Ticinensi
903 791 1171 826 Vicecomitum
1199 791 1434 828 Bibliotheca

85 838 232 882 prolato
271 838 605 883 redintegrauimus
645 840 682 873 et
718 839 782 873 ubi
822 838 984 884 quinque
1028 839 1176 873 tantum
1213 838 1433 883 imperfecta

84 885 331 929 habebantur,
356 897 423 920 nos
451 886 577 920 decem
604 887 642 920 et
668 887 751 920 octo
778 886 950 920 absoluta
969 885 1124 920 Vrbium
1150 886 1433 930 Epigrammata

86 933 330 977 edidimus*)‚
357 933 453 967 inter
478 943 572 976 quae
600 932 760 977 septimo
786 933 868 967 loco
896 934 953 967 est
978 934 1123 968 celebre
1150 933 1263 967 illud:

180 979 235 1014 En
260 981 338 1025 (leq.
361 980 421 1025 Et)
447 979 647 1015 Mediolani
674 981 768 1014 mira
795 981 937 1023 omnia,
969 980 1077 1024 copia
1101 991 1224 1015 rerum
1249 983 1336 1015 ete.“

174 1037 357 1080 Chalcus
390 1043 534 1080 autem
561 1054 646 1080 non
682 1039 804 1081 Vrbes
838 1040 975 1080 solum
1010 1040 1082 1080 sed
1110 1040 1240 1081 etiam
1267 1042 1433 1083 Imdum

86 1101 250 1153 septem
289 1098 550 1153 sapientium
588 1098 686 1139 inde
731 1099 1015 1152 descripserat
1058 1098 1329 1154 Vgoletoque
1367 1101 1433 1142 de-

86 1157 218 1199 derat.
274 1157 486 1212 Vgoletus
521 1157 650 1198 etiam
684 1157 920 1210 periochis,
955 1172 1060 1211 quas
1094 1172 1143 1198 ex
1177 1159 1325 1200 eodem
1359 1164 1433 1201 aut

86 1216 216 1256 simili
249 1216 392 1257 codice
418 1216 656 1269 descriptas
684 1216 932 1270 possidebat
959 1217 1167 1258 Antonius
1191 1217 1420 1260 Beroierius

85 1289 185 1316 usus
219 1278 285 1316 est
318 1275 361 1316 in
393 1274 641 1317 adornanda
673 1275 856 1316 editione
891 1273 1058 1331 suam)

175 1333 377 1375 Pleniora
420 1349 548 1388 quam
590 1333 802 1389 Vgoletus
848 1348 954 1388 quae
999 1334 1043 1374 in
1087 1332 1285 1377 Parisino
1332 1339 1432 1377 sunt

86 1391 375 1446 Hieronymus
433 1394 647 1434 Auantius
703 1393 878 1447 habuit,
932 1407 1028 1434 cum
1078 1394 1233 1435 iterum
1289 1394 1432 1436 ederet

85 1452 326 1493 Ausonium
360 1467 395 1493 a.
433 1451 561 1505 1507,
593 1466 680 1493 non
711 1454 859 1493 tamen
891 1451 1034 1505 ipsum
1067 1451 1321 1506 Parisinum,
1357 1455 1430 1496 sed

86 1510 372 1565 antiquiorem
406 1511 592 1552 codicem
626 1511 832 1552 adhibuit.

175 1568 390 1611 Ticinensi
424 1570 572 1611 statim
605 1570 790 1623 adiungo
825 1569 980 1611 librum

173 1626 219 1683 52)
254 1629 392 1670 Musei
426 1629 670 1671 Britannici
708 1629 988 1670 Harlei‘anmn
1025 1632 1138 1671 2613
1175 1629 1319 1684 chart„
1359 1631 1431 1685 qui

84 1687 196 1728 unde
222 1688 388 1729 uenerit
415 1688 459 1728 in
486 1688 702 1743 Angliam,
728 1702 811 1729 non
845 1688 990 1742 liquet.
1046 1688 1089 1729 in
1115 1689 1254 1743 primo
1284 1692 1426 1731 tamen

83 1745 189 1788 folio
222 1747 397 1801 legitur:
429 1740 510 1801 „Q
536 1747 592 1789 20
624 1747 690 1788 die
721 1747 915 1789 <Ianuarii
952 1746 1170 1801 1721f22“.

83 1815 110 1858 f.
157 1818 199 1850 1ιι
228 1816 466 1860 Prosopopea
491 1816 528 1850 in
556 1817 723 1850 chartam
749 1815 853 1850 Decii
880 1816 1034 1851 Ausonii
1351 1818 1429 1864 [34]

226 1864 296 1897 iiic.
326 1863 365 1897 Si
390 1863 510 1898 tineas
538 1863 746 1907 cariemque
774 1864 852 1907 pati
879 1866 914 1897 te
941 1863 1071 1898 charta
1097 1874 1246 1899 necesse
1274 1866 1345 1900 est:

227 1911 319 1954 eaepl.
346 1909 494 1955 Deputo
522 1911 599 1946 siue
626 1911 823 1992 leffffizisqiie
850 1910 961 1945 dabo:
991 1912 1067 1945 siue
1093 1912 1209 1956 tegat.

1425 1253 1435 1273 7

203 2075 236 2120 ²¹³)
264 2076 342 2110 scil.
369 2075 405 2110 in
432 2074 595 2110 editione
623 2076 772 2111 Ausonii
800 2076 1020 2121 Vgole‘tana.

180 2122 234 2166 **)
262 2122 458 2158 Accursius
487 2123 525 2156 in
547 2122 732 2157 Periochis
755 2123 969 2168 apographo
990 2135 1077 2157 usus
1105 2125 1162 2158 est
1187 2124 1427 2167 accuratiore,

85 2180 196 2214 quam
229 2170 326 2214 quod
362 2169 541 2215 Vgoletus
575 2182 595 2205 a
629 2170 801 2204 Bernerio
834 2173 1047 2215 acceperat,
1086 2172 1148 2205 sed
1182 2171 1320 2216 passim
1354 2182 1430 2205 cor-

85 2217 186 2251 recto
214 2219 261 2251 ab
288 2217 436 2251 homine
464 2218 592 2260 docto,
625 2217 746 2252 nescio
779 2228 825 2251 an
857 2218 938 2262 ipso
966 2218 1156 2259 Accursio,
1183 2218 1247 2261 qui
1274 2217 1349 2252 suis
1375 2217 1428 2252 in-

85 2263 321 2299 uentionibus
361 2263 443 2309 plus
484 2264 714 2299 auctoritatis
759 2264 1000 2300 adiuncturus
1046 2264 1082 2299 in
1120 2264 1225 2300 libris
1269 2265 1428 2300 uetustis

84 2311 240 2356 scriptas
266 2310 378 2346 fuisse
404 2311 495 2347 istas
524 2313 749 2347 correcturas
777 2312 926 2347 diceret.
