1563 2511
613 54 935 83 —Lxx—

99 152 164 190 est
182 149 368 204 primum
394 150 494 202 post
520 148 829 190 dedicationem
855 148 900 189 in
920 147 1149 202 Vossiano,
1176 151 1376 190 octauum
1403 148 1450 189 in

97 209 140 251 Z
173 211 215 249 et
253 207 366 262 apud
405 206 689 249 Souchaeum:
731 207 776 248 in
813 222 862 249 eo
901 210 1045 249 autem
1083 222 1179 249 eum
1217 207 1259 248 Z
1291 207 1451 262 legitur

97 282 137 308 u.
166 267 192 308 3
224 281 353 309 aurea
386 264 554 322 (eodem
586 281 712 308 uersu
746 267 903 319 fereula
934 266 1082 317 habet,
1121 281 1160 307 u.
1187 266 1212 307 6
1244 265 1450 320 Sicaniae,

97 341 135 367 u.
182 326 207 367 8
261 326 312 367 ab
364 326 507 380 eoeiyuo
555 340 599 379 p.
645 324 758 380 loeo).
839 328 967 379 atque
1017 324 1130 366 idem
1180 325 1451 380 epigramma

97 384 311 426 Iohannes
353 384 681 427 Sarisberiensis
720 384 921 425 Policrat.
959 382 999 425 V
1035 385 1086 425 17
1126 384 1274 426 laudat
1311 386 1450 426 totum

96 444 289 499 legitque
322 444 461 498 primo
495 444 645 486 statim
677 458 820 485 uersu:
861 443 1081 485 Fictilibus
1111 456 1271 485 cenasse
1299 443 1451 496 fei-mit,

96 518 136 544 u.
168 503 194 544 3
227 503 407 545 Fercula
438 505 481 544 et
511 516 658 556 aurea,
699 518 738 543 u.
771 503 796 543 6
830 502 1014 553 Siciliae,
1055 517 1094 544 u.
1127 503 1152 544 8
1190 503 1240 544 ab
1277 503 1376 545 exili
1410 517 1450 556 2³·

95 563 225 604 domo.
281 565 477 617 totaque,
510 576 639 615 quam
670 561 744 602 ille
777 561 959 616 disserit,
993 562 1224 616 sententia,
1255 576 1306 603 ex
1339 576 1449 604 com-

95 622 216 662 muni
253 621 370 663 fonte
404 621 613 675 sublecta,
656 620 692 661 si
733 635 820 662 non
858 635 908 661 ex
948 621 1042 674 ipso
1076 620 1282 662 Iohannis
1322 635 1449 676 opere
1528 654 1532 657 .

95 681 370 734 transcripta,
403 679 588 721 Caecilio
617 679 757 721 Balbo
783 679 989 721 tribuitur
1021 680 1067 721 in
1096 680 1240 722 codiee
1268 680 1447 722 Linden-

95 739 237 794 brogii
271 740 292 779 7
334 736 566 795 (Caecilius
607 738 770 780 Balbus
810 739 873 780 ed.
907 738 1129 780 Woelfflin
1165 755 1203 794 p.
1240 738 1336 794 14),
1376 739 1449 794 qui

95 800 301 852 quattuor
347 798 525 839 ultimos
571 800 741 838 tantum
783 812 933 839 uersus
976 797 1086 853 (Rex
1128 812 1196 852 eye
1238 812 1329 840 cum
1369 799 1450 841 sim

95 857 263 899 Siciliae
295 881 348 886 —
382 857 432 898 ab
469 857 567 898 exili
591 871 634 910 2).
667 854 821 913 domo),
861 857 1009 898 eodem
1040 860 1188 899 tamen
1219 858 1346 900 modo
1381 858 1448 899 de-

91 918 297 971 prauatos
330 916 519 970 praebet.

181 985 300 1028 Haec
337 986 471 1042 igitur
503 1001 553 1028 ex
584 987 753 1028 laciniis
785 987 947 1028 uetusti
979 987 1159 1039 codicis,
1191 987 1444 1043 priusquam

93 1060 188 1087 cum
222 1046 301 1100 eis,
340 1060 448 1100 quae
486 1046 676 1087 familiae
708 1046 750 1087 Z
784 1049 883 1087 suut
915 1047 1110 1101 propria,
1142 1048 1445 1101 coalescerent,

91 1104 292 1146 uidentur
335 1105 566 1159 descripta:
611 1119 711 1145 nam
755 1119 843 1146 non
888 1120 988 1146 casu
1030 1106 1192 1147 factum
1231 1108 1352 1160 puto,
1399 1109 1448 1148 ut

90 1164 200 1205 illud
231 1164 503 1218 potissimum
537 1164 817 1218 epigramma,
851 1164 964 1218 quod
992 1164 1036 1205 in
1062 1164 1214 1219 primis
1240 1167 1448 1219 posuerat

90 1222 325 1277 Ausonius,
355 1223 480 1264 nobis
514 1223 574 1264 sie
607 1225 858 1264 seruaretur.

184 1294 379 1335 Tiliaiius
412 1314 466 1327 =
499 1293 712 1335 Leicleiisis
745 1293 854 1336 Voss.
888 1294 956 1335 lat.
992 1293 1025 1346 Q
1051 1297 1137 1335 107
1169 1292 1292 1349 (olim
1321 1293 1447 1337 Voss.

93 1352 166 1394 lat.
197 1351 300 1408 191)
334 1353 466 1394 chart.
501 1368 532 1394 s.
565 1352 645 1393 XV
679 1356 884 1394 constans
919 1353 1311 1407 quinternionibus,
1344 1368 1446 1408 quo-

89 1426 185 1452 rum
207 1413 316 1452 sexti
342 1412 437 1453 loeo
460 1411 582 1453 adest
603 1414 838 1466 quaternio,
864 1412 968 1453 noni
989 1414 1031 1452 et
1051 1412 1197 1454 ultimi
1218 1412 1445 1455 sexternio.

90 1471 204 1512 inest
251 1470 293 1524 1)
333 1485 476 1524 eorpus
512 1470 805 1512 Ausoniaiium
842 1470 870 1512 f.
908 1471 1070 1512 1—57v
1103 1471 1231 1527 med.;
1280 1472 1447 1513 interiit

91 1532 234 1570 autem
276 1532 374 1571 ante
414 1529 443 1571 f.
476 1531 497 1571 1
542 1530 672 1584 primi
713 1530 1028 1583 quinternionis
1067 1531 1253 1584 primum
1292 1531 1445 1572 folium

90 1586 225 1643 (quod
252 1589 502 1630 continebat
528 1588 662 1643 epigr.
693 1590 730 1629 1.
762 1589 799 1630 9.
833 1590 871 1630 2.
905 1589 942 1630 3.
976 1589 1014 1631 5.
1043 1590 1083 1631 6.
1113 1589 1198 1631 253
1224 1604 1263 1631 U.
1294 1590 1444 1645 1—3);

179 1669 224 1725 2)
257 1671 635 1713 12581—5911med.
663 1670 847 1713 Ausonii
862 1671 1447 1726 adPaulinumep.XXVIIII

93 1727 236 1785 (XXV
262 1729 390 1786 418);

178 1799 224 1855 3)
257 1800 285 1842 f.
318 1801 526 1842 6οῑ--62Γ
564 1800 763 1855 Catalogi
801 1802 973 1843 urbium
1012 1801 1257 1857 fragmenta
1295 1800 1444 1843 eadem

90 1862 219 1914 atque
264 1875 371 1915 quae
419 1860 594 1902 exhibet
633 1859 763 1901 editio
803 1860 1135 1903 Mediolanensis
1167 1860 1354 1903 Ferrarii
1393 1875 1444 1902 ex

90 1916 130 1960 S.
169 1917 396 1974 Eustorgii
434 1918 769 1960 Mediolanensis
808 1920 933 1962 libro.
987 1920 1097 1961 unde
1141 1920 1233 1974 ipse
1271 1918 1443 1960 Ueberl.

89 1992 129 2031 p.
161 1977 247 2018 213
276 1993 365 2032 sqq.
413 1978 592 2019 eundem
632 1993 723 2019 esse
763 1978 983 2020 Tilianum
1021 1982 1063 2020 et
1101 1978 1442 2032 Eustorgianum

89 2036 274 2090 probare
314 2037 475 2090 studui,
518 2036 796 2079 Schenkelius
829 2037 989 2079 Tiliani
1027 2038 1250 2079 librarium
1290 2040 1333 2078 et
1364 2036 1442 2078 Vr-

87 2094 207 2136 bium
251 2095 494 2150 fragmenta
539 2099 582 2137 et
619 2096 850 2149 epistulam
892 2096 1101 2138 Graecam
1139 2096 1269 2138 VIIII
1303 2094 1442 2151 (XII),

88 2154 134 2194 in
167 2154 321 2208 quibus
349 2154 572 2196 Ferrarius
605 2169 700 2196 eum
728 2155 898 2197 Tiliano
926 2156 1153 2208 consentit,
1187 2169 1236 2196 ex
1262 2155 1442 2197 Eustor-

89 2213 217 2267 giano
249 2214 294 2254 in
328 2228 448 2255 suum
483 2213 640 2255 librum
673 2214 948 2256 transtulisse
982 2215 1237 2269 suspicatur.
1286 2216 1332 2255 at
1362 2213 1440 2255 illa

88 2272 275 2326 epistula
300 2272 344 2314 in
371 2273 513 2315 codice
534 2273 587 2314 ab
616 2273 780 2314 familia
801 2274 842 2315 Z
859 2274 997 2315 alieno
1019 2273 1150 2315 fuisse
1171 2287 1258 2315 non
1277 2274 1440 2328 potest3
