1563 2511
685 21 887 62 —247
956 46 1004 51 —

170 126 251 167 Per
282 129 438 168 teretes
476 125 683 167 feminum
716 139 845 180 gyros
879 141 1083 181 surasque
1115 128 1302 169 nitentes

172 184 422 238 Descendis,
454 185 565 225 talos
600 199 624 225 a
656 185 816 225 uertice
849 185 1026 238 pulcher
1059 186 1111 226 ad
1144 186 1273 229 imos:

171 243 319 292 Qualis
351 243 571 285 floricoma
603 243 816 297 quondam
849 244 1080 297 populator
1111 245 1154 285 in
1188 246 1330 288 Aetna

172 302 401 357 Virgineas
433 302 546 343 inter
579 301 756 343 choreas
790 301 952 342 Deoida
984 305 1152 355 raptam
1470 316 1514 346 50

174 359 357 402 Sustulit
390 375 576 402 emersus
611 358 774 415 Stygiis
807 360 1052 402 fornacibus
1086 360 1231 403 Orcus.

169 420 256 474 An,
289 420 389 474 quia
420 421 601 460 uenatus
636 420 690 461 ob
722 421 846 460 tanta
877 419 1067 473 pericula
1098 421 1231 474 uitas,

168 478 369 520 Piscancli
400 478 584 519 traheris
618 477 790 519 studio?
822 492 924 519 nam
956 480 1050 519 tota
1083 479 1273 532 supellex

167 536 424 578 Dumnitoni
457 537 565 578 tales
599 536 727 577 solita
760 539 826 578 est
860 537 1083 578 ostendere
1115 551 1264 592 gazas,

167 595 365 637 Nodosas
398 598 539 637 uestes
572 595 839 637 animantum
873 594 1132 637 Nerinorum
1470 607 1513 639 55

166 654 224 695 Et
256 654 396 696 iacula
429 657 471 695 et
502 654 655 695 fundas
689 657 742 708 et,
771 654 947 695 nomina
979 654 1125 708 uilica,
1156 655 1244 695 lina

167 712 357 768 Oolaque
389 716 432 754 et
463 714 631 755 insutos
664 713 846 754 terrenis
879 713 1098 754 uermibus
1133 712 1295 755 hamos

166 771 246 812 His
279 772 432 826 opibus
466 772 623 814 confise
655 775 827 814 tumes?
879 771 1027 813 domus
1061 773 1201 813 omnis
1236 772 1427 814 abundat

165 830 351 872 Litoreis
386 831 504 872 diues
538 831 699 884 spoliis.
749 831 990 872 referuntur
1022 831 1074 871 ab
1108 831 1223 872 unda

166 888 368 941 Corroco,
401 890 544 931 letalis
576 892 737 945 trygon
769 890 1002 944 mollesque
1034 890 1264 943 platessae,
1470 901 1513 932 60

166 948 349 990 Vrentes
381 948 535 1003 thynni
568 951 610 990 et
642 949 752 990 male
784 948 888 989 tecti
920 949 1044 1002 spina
1076 949 1221 1003 ligatri

166 1006 255 1048 Nec
289 1007 482 1048 duraturi
514 1010 613 1061 post
643 1007 745 1049 bina
776 1007 959 1048 trihoria
991 1008 1118 1048 corui.

165 1064 235 1106 An
267 1068 308 1106 te
341 1067 604 1108 carminibus
636 1066 759 1107 iuuat
790 1066 1001 1107 incestare
1034 1080 1213 1107 canoras

165 1124 470 1179 Mnemosyncs
503 1128 649 1179 natas,
682 1127 756 1166 aut
788 1125 868 1166 tris
902 1128 976 1166 aut
1008 1127 1104 1166 octo
1139 1125 1336 1166 sorores?

165 1182 224 1224 Et
256 1184 461 1238 quoniam
486 1183 568 1225 huc
594 1186 782 1237 uentum,
816 1184 852 1225 si
878 1184 944 1224 uis
973 1197 1218 1238 agnoscere,
1251 1183 1351 1238 quid
1380 1183 1436 1225 sit
1468 1193 1512 1226 65

163 1241 282 1283 Inter
315 1241 548 1284 doctrinam
585 1242 921 1297 deridendasque
954 1256 1170 1296 camenas,

164 1300 322 1355 Accipe
354 1304 599 1356 congestas,
633 1301 840 1355 mysteria
871 1301 1042 1355 friuola,
1074 1315 1229 1356 nugas,

259 1431 304 1462 48
329 1428 458 1463 Horat.
486 1427 552 1473 Ep.
580 1429 613 1462 H
640 1432 671 1472 2,
698 1432 719 1462 4

258 1549 302 1580 47
329 1545 533 1580 foeminum
559 1545 593 1580 L
615 1547 620 1589 Ι
643 1545 742 1590 gii-os
771 1545 804 1579 V
887 1549 931 1579 48
959 1545 1165 1579 descendis:
1192 1545 1238 1580 de
1263 1556 1307 1580 em
1333 1545 1371 1580 di
1396 1545 1430 1579 V
1452 1545 1512 1580 de-

166 1593 320 1627 scendas
349 1592 382 1626 T
402 1594 406 1636 Ι
428 1592 568 1627 bertice
601 1592 648 1627 V¹
672 1595 675 1635 Ι
703 1592 831 1637 pulcer
863 1592 897 1627 V
988 1596 1032 1626 49
1059 1594 1171 1626 aetna
1197 1605 1223 1625 ω
1252 1593 1379 1636 (ethna
1412 1592 1513 1637 V‘2L)

164 1639 270 1674 Enna
296 1639 496 1675 Aecursius
580 1643 625 1674 50
652 1650 778 1674 coreas
809 1639 881 1674 VL
966 1643 1009 1673 51
1033 1639 1171 1685 sstigiis
1197 1638 1232 1673 V
1313 1642 1355 1674 53
1381 1639 1513 1674 traeris

168 1686 214 1720 Vl
299 1691 344 1721 54
370 1687 581 1721 dumnotini
608 1687 642 1720 Z
662 1690 665 1730 Ι
688 1687 764 1722 tale
790 1687 861 1721 ΤΘ
886 1687 996 1730 (Dum
1022 1685 1219 1721 notinitale
1247 1686 1323 1730 (—lae
1351 1687 1398 1730 G)
1427 1686 1511 1731 ΤΘ)

166 1733 170 1779 Ι
199 1734 369 1769 ostedere
398 1734 431 1767 V
501 1737 545 1768 55
566 1735 688 1778 pestes
713 1734 923 1769 Gronom‘us
946 1736 950 1777 Ι
973 1734 1204 1768 nereinorum
1233 1733 1267 1768 V
1336 1738 1380 1768 56
1402 1734 1515 1769 uilica

162 1780 230 1815 lini
251 1780 472 1816 Vbellicani
487 1781 522 1815 Z
533 1791 622 1817 corr.
638 1781 768 1825 Peiper
829 1785 871 1816 57
888 1781 1026 1816 collaZ
1043 1801 1045 1826 ³
1064 1780 1213 1815 indutos
1231 1781 1310 1816 Τοῑῑ
1327 1781 1329 1826 Ι
1348 1791 1450 1815 amos
1466 1780 1514 1815 V¹

211 1842 254 1873 58
269 1840 543 1875 confisettumes
568 1840 599 1874 V
619 1842 623 1885 Ι
647 1836 912 1890 οωηίζῦιιηᾶειὺ
936 1842 972 1883 (a
991 1844 1023 1875 et
1044 1851 1058 1873 s
1080 1841 1143 1885 al.)
1172 1840 1205 1873 V
1225 1841 1229 1884 Ι
1252 1839 1460 1875 habundat:
1488 1840 1512 1874 h

162 1922 490 1967 statimpr.del.T
555 1922 1064 1958 591it’eoreisTGlit0riisL
1135 1926 1178 1957 60
1199 1906 1513 1966 00r1-30(azt.0e00

163 1994 268 2036 corr.)
302 1992 336 2027 V
358 1977 504 2037 (corrod
533 1993 580 2027 V¹
609 1997 650 2028 ut
668 1994 761 2037 uid.)
789 1994 965 2028 corrocho
988 1993 1020 2027 T
1044 1994 1219 2028 corrhoco
1249 1993 1324 2029 GL
1346 1994 1351 2038 Ι
1374 1992 1514 2027 letalis-

163 2050 233 2082 que
261 2040 319 2084 ΖΙ
349 2040 473 2085 trigon
504 2040 644 2085 VTGl
673 2041 816 2088 platese
848 2040 883 2075 V
914 2041 1057 2085 platese
1084 2041 1119 2074 L
1157 2041 1315 2084 platesse
1344 2040 1419 2075 TG-

163 2090 206 2120 61
233 2085 355 2121 thinni
381 2087 416 2121 L
452 2086 550 2122 tinni
584 2088 659 2123 VT
690 2089 695 2132 Ι
729 2088 840 2133 ligari
873 2090 1000 2133 (marfj.
1033 2089 1087 2131 >“,<·)
1124 2088 1156 2121 V
1184 2087 1293 2131 ligati
1319 2087 1354 2121 L
1385 2086 1513 2131 ligatri

167 2158 292 2202 (marry.
320 2157 344 2190 l'
371 2143 522 2203 galatri)
552 2158 584 2192 Τ
619 2157 755 2203 legati-i
786 2158 819 2193 G
917 2162 960 2192 62
987 2158 1075 2192 uina
1100 2157 1229 2192 trioria
1256 2157 1289 2190 V
1309 2158 1313 2201 Ι
1337 2155 1438 2190 curbi
1469 2156 1512 2190 V1

211 2208 254 2239 63
281 2204 385 2239 iubat
410 2205 466 2249 V!
491 2216 643 2240 coronas
665 2207 699 2239 Z
771 2209 815 2240 64
838 2205 1100 2240 minemosines
1127 2205 1161 2238 V
1181 2204 1428 2238 ninemosines
1450 2204 1511 2270 ΖΙ

162 2251 237 2285 tres
256 2251 291 2285 V
354 2255 396 2287 65
417 2252 473 2286 bis
499 2252 545 2286 V1
569 2254 573 2296 Ι
596 2263 818 2298 cognoscere
843 2254 875 2287 Τ
940 2255 982 2286 67
1005 2251 1170 2286 misteria
1192 2251 1266 2286 VT
1284 2253 1289 2295 Ι
1310 2250 1446 2285 fribola
1465 2250 1499 2284 V
