1563 2511
658 64 974 106 —394—

145 168 282 210 eidem
323 169 609 211 mandauerat
648 169 698 211 de
732 169 993 212 Graecorum
1032 169 1210 210 ducibus
1248 168 1494 223 requirenti.

144 228 263 282 proci
302 231 446 269 autem
484 230 714 282 postquam
759 229 809 270 de
855 228 976 270 abitu
1014 228 1259 269 Telemachi
1302 230 1494 283 conperti
1522 240 1563 272 10

147 289 264 341 sunt,
297 287 511 328 instructa
537 286 802 341 deductaque
827 288 930 330 naui
954 287 1130 342 uiginti,
1163 287 1237 341 qui
1264 301 1356 328 sese
1381 288 1492 341 lege-

144 348 262 400 rant,
294 346 636 401 enauigauerunt
667 347 863 388 redeunti
889 346 1068 387 insidias
1095 346 1336 388 molientes.
1383 346 1495 388 circa

147 405 363 446 Asteriam
385 418 486 460 ergo
513 405 713 459 insulam,
740 421 848 460 quae
868 405 1065 447 Ithacam
1086 403 1345 459 Samumque
1365 404 1494 446 inter-

146 464 279 518 iacet,
311 464 610 506 delitescentes
645 465 914 506 occasionem
947 464 1109 505 fraudis
1143 466 1382 525 expectant.

798 591 841 626 V.

359 658 480 706 <Ἠώς
506 658 543 696 δ’
573 658 614 696 ἐκ
641 660 778 706 λεχέων
805 659 897 705 παρ’
927 657 1073 706 ἀγαυοῦ
1105 661 1323 709 Τυθωνοῖο)

359 709 538 753 Liquerat
563 708 602 743 in
628 709 756 753 tepido
783 708 985 743 Tithonum
1012 709 1156 743 Aurora
1181 709 1307 743 cubili.

236 792 472 833 Mercurius
511 793 555 833 in
588 792 804 848 Ogygiam
842 792 1030 834 insulam
1071 792 1261 847 deuolat,
1301 796 1350 833 ut
1380 793 1496 835 Iouis

148 851 324 892 monitis
352 850 539 905 Calypso
574 852 806 893 conterrita
831 850 1003 893 Vlixem
1036 853 1228 905 patiatur
1260 852 1497 894 abscedere.

147 911 219 964 qui
265 914 469 951 contextu
513 911 620 952 ratis
671 914 830 951 temere
873 914 1128 964 properatae
1171 911 1497 965 nauigationem
1525 922 1544 951 5

150 969 268 1010 solus
296 969 558 1023 aggreditur.
603 969 980 1011 duodeuicensima
1007 970 1073 1010 die
1099 973 1358 1023 tempestate
1386 985 1498 1012 com-

150 1031 287 1080 mota,
320 1043 370 1069 ex
403 1028 624 1070 iracundia
656 1028 891 1070 infestante
918 1028 1138 1083 Neptuno,
1170 1029 1359 1070 trabium
1387 1044 1497 1071 com-

147 1101 260 1142 pago
293 1086 555 1129 dissoluitur.
620 1103 703 1142 quo
743 1102 844 1129 casu
882 1088 1080 1142 proditur
1116 1088 1293 1130 ultimae
1332 1088 1424 1143 spei
1457 1091 1499 1129 et

148 1146 284 1188 irritis
319 1147 546 1188 conatibus
579 1147 769 1188 natando
803 1147 856 1188 ab
890 1147 965 1188 Ino
999 1147 1078 1188 dea
1110 1147 1383 1189 misericorde
1416 1162 1500 1188 ser-

148 1207 285 1246 uatur.
349 1220 458 1260 quae
497 1206 753 1247 calanticam
793 1207 925 1260 capiti
966 1220 1042 1247 suo
1081 1207 1298 1260 demptam
1331 1207 1499 1248 natanti
1530 1217 1563 1247 lc

150 1264 466 1319 accommodat,
499 1266 617 1306 cuius
644 1266 716 1306 ille
745 1267 989 1306 sustentatu
1017 1265 1070 1306 ad
1097 1280 1231 1319 usque
1258 1265 1499 1307 Phaeacum

149 1323 254 1364 litus
289 1323 445 1364 euadit.

791 1439 853 1474 VI.

265 1505 358 1556 <⁰523
384 1507 403 1544 ὁ
432 1507 500 1554 μὲν
527 1508 625 1544 ἔνθα
651 1510 821 1545 καθεῦδε
849 1508 1031 1550 πολύτλας
1057 1512 1136 1550 δῖος
1158 1507 1382 1557 Ὀδυσσεύς)

265 1556 451 1602 Carpebat
477 1568 624 1592 somnos
652 1557 789 1591 dudum
818 1569 1056 1593 aerumnosus
1084 1557 1219 1592 Vlixes.

241 1641 390 1683 Vlixes
430 1644 660 1696 postquam
700 1642 754 1683 ad
786 1641 1029 1684 Phaeacum
1062 1642 1167 1684 litus
1201 1642 1363 1696 enauit,
1403 1642 1498 1683 fati-

247 1762 267 1792 9
294 1759 516 1793 manauerat
535 1758 572 1792 P
593 1768 683 1792 corr.
703 1758 834 1802 Peiper
860 1759 1077 1793 narrauerat
1095 1758 1261 1803 quletus
1331 1761 1373 1791 10
1399 1757 1501 1802 proci

151 1805 293 1850 autem]
322 1817 387 1849 pro
414 1806 485 1850 tia3
503 1805 537 1838 P
557 1807 562 1848 Ι
585 1805 715 1839 habitu
730 1806 766 1839 P
787 1816 876 1840 corr.
899 1806 1020 1840 Paris.
1046 1807 1050 1849 Ι
1075 1805 1243 1849 comperti
1271 1806 1356 1838 sunt
1370 1805 1501 1849 Peiper

151 1852 307 1897 aperetis
334 1852 370 1886 P
453 1857 494 1886 12
524 1853 818 1896 enauigauerunt
844 1853 977 1887 Hurtcl
1003 1855 1040 1887 et
1065 1852 1303 1898 nauigaffiluein
1334 1852 1394 1895 ΡΙ
1424 1862 1500 1886 mo—

152 1899 286 1933 lientos
315 1900 351 1933 P
449 1904 492 1933 14
519 1899 764 1934 dilitiscentes
793 1900 829 1933 P

248 1957 280 1990 V
315 1961 335 1991 2
361 1959 559 2001 tythonum
589 1958 649 2004 ΡΙ
682 1959 802 1992 cubile
828 1959 865 1992 P
887 1970 978 1996 corr.
999 1959 1122 1994 Paris.
1220 1962 1241 1992 4
1268 1958 1408 2003 calipso
1434 1959 1470 1992 P
1495 1959 1498 2004 ᾖ

153 2005 336 2039 conterita
362 2005 414 2039 PE
449 2005 453 2050 Ι
489 2005 690 2039 aliscedere
713 2006 749 2040 P
770 2016 861 2040 corr.
891 2007 1040 2050 Peiper,
1072 2005 1262 2040 discedere
1288 2005 1455 2051 Vyoletus

154 2055 174 2086 5
208 2054 384 2096 properat
416 2056 454 2085 at
481 2053 517 2086 P
544 2063 633 2087 corr.
662 2054 843 2087 Bar-thius
881 2055 1077 2098 properate
1109 2053 1275 2097 Vyohtus
1367 2057 1386 2087 6
1414 2053 1501 2086 duo-

153 2099 399 2134 deuicessima
418 2099 455 2133 P
525 2103 545 2133 8
571 2099 740 2144 proditus
760 2100 958 2135 Mommsen
1031 2105 1050 2134 9
1078 2101 1187 2134 natas
1210 2100 1246 2134 P
1263 2111 1352 2134 corr.
1373 2100 1502 2144 Pez'psr

152 2147 286 2181 natans
307 2146 459 2181 Schenkl
488 2147 490 2191 Ι
522 2146 673 2181 inodam
701 2148 772 2191 (uel
797 2148 897 2190 dam)
927 2148 963 2181 P
993 2148 1056 2182 Ino
1084 2147 1153 2181 dea
1178 2148 1431 2182 Accursianus

156 2198 199 2228 10
225 2193 465 2239 calanticam]
496 2194 556 2238 ΡΙ
586 2195 687 2238 capti
714 2195 751 2228 P
846 2199 887 2228 11
916 2196 1146 2240 sustentatu3
1177 2194 1237 2239 Pl
1265 2193 1445 2238 phe-atum
1470 2194 1504 2227 P

250 2252 300 2286 VI
326 2256 346 2287 3
374 2253 551 2297 pheatum
575 2253 611 2286 P
631 2254 639 2297 1
669 2255 846 2288 enauerat
871 2253 1088 2298 figationem
1109 2253 1146 2287 P
1167 2263 1257 2288 corr.
1279 2253 1409 2297 Peiper
1435 2251 1501 2297 (fa-

155 2300 378 2345 tigationem
413 2300 592 2345 Vyoletus)
