1563 2511
607 124 660 128 -—
724 101 808 142 389
876 126 923 131 —-

687 214 835 249 XVIIII.

294 275 387 317 Ἠὼς
413 276 481 322 μὲν
508 276 763 322 κροκόπεπλος
788 276 857 313 ἀπ’
884 277 1074 315 Ὠκεανοῖο
1101 279 1224 326 ῥοάων

298 325 485 359 Oceanum
512 324 654 360 interea
680 337 832 370 surgens
858 326 1001 361 Aurora
1026 328 1185 372 reliquit.

174 409 367 451 Achilles
407 409 536 450 armis
569 409 824 450 caelestibus
858 424 937 464 ope
972 411 1153 453 Vulcani
1185 415 1227 454 et
1258 428 1431 456 munere

83 470 236 510 matris
269 468 511 509 instruitur.
561 467 658 509 dein
685 466 947 509 Graecorum
977 470 1238 523 primoribus
1265 473 1309 513 in
1335 487 1431 514 con-

83 528 232 569 cilium
275 526 440 568 uocatis
482 526 748 568 iracundiam
787 527 865 568 sub
904 528 1139 570 abolitione
1178 529 1352 583 deponit
1390 535 1433 573 et
1457 544 1478 573 5

84 586 308 641 promissis
351 586 403 626 ab
436 599 536 640 rege
569 586 816 627 muneribus
850 600 993 628 coram
1026 588 1225 629 contione
1257 589 1431 632 ditatur.

83 649 175 687 tum
216 644 427 686 militibus
467 645 610 685 cibum
643 659 793 698 capere
825 645 952 686 iussis
985 646 1076 700 ipse
1109 647 1308 689 abstinet.
1370 649 1426 689 in-

83 704 194 745 festo
229 703 378 745 deinde
411 706 540 757 atque
566 703 730 744 intento
759 704 944 745 exercitu
970 706 1113 760 pergit
1138 705 1183 746 in
1210 707 1431 760 proelium.

722 831 797 866 XX.

262 890 327 934 Ὣς
353 892 391 928 οἵ
415 893 483 938 μὲν
508 892 611 939 παρὰ
638 895 747 939 νηυσὶ
774 897 948 939 κορωνίσι
973 894 1227 940 θωρήσσοντο.

271 943 424 985 Iamque
450 941 542 976 adeo
570 942 678 976 celsis
706 943 841 977 armati
868 954 886 977 e
912 943 1069 978 nauibus
1096 945 1202 979 ibant

271 988 393 1031 Milia,
419 991 509 1032 quot
535 989 681 1033 magnis
708 1001 883 1034 umquam
910 1000 1044 1025 uenere
1070 990 1244 1035 Mycenis.

171 1074 231 1114 Vt
269 1072 450 1126 integris
491 1073 715 1114 amborum
755 1074 886 1127 copiis
926 1074 1039 1115 inter
1076 1077 1279 1129 utrosque
1317 1090 1431 1117 exer-

80 1135 191 1176 citus
223 1145 370 1187 pugna
402 1132 652 1173 conseritur.
697 1131 794 1172 dein
826 1133 1038 1186 permissu
1065 1133 1181 1174 Iouis
1212 1134 1256 1174 in
1283 1138 1427 1188 partes
1455 1145 1476 1174 5

81 1194 257 1234 deorum
297 1190 439 1231 studia
476 1189 746 1244 diuiduntur,
790 1205 885 1232 cum
923 1205 999 1246 pro
1038 1191 1210 1234 Graecis
1242 1192 1348 1234 Iuno
1389 1196 1431 1234 et

80 1252 276 1292 Minerua
315 1249 579 1290 discederent
616 1263 754 1303 neque
793 1250 965 1305 segnius
1011 1264 1082 1292 eos
1122 1250 1350 1305 Neptunus
1391 1255 1431 1293 et

80 1309 318 1351 Mercurius
366 1310 409 1348 et
445 1307 666 1349 Vulcanus
712 1308 976 1359 adsererent,
1021 1309 1229 1351 Troianos
1269 1310 1429 1364 Apollo

80 1384 176 1411 cum
202 1367 372 1410 Venere
405 1368 448 1408 et
472 1366 614 1408 Diana
645 1382 741 1409 cum
774 1370 923 1418 matre,
957 1367 1074 1409 Mars
1108 1369 1238 1410 etiam
1265 1372 1307 1410 et
1333 1384 1430 1411 cuni

80 1443 129 1469 eo
158 1425 416 1469 Scamander
448 1426 714 1467 adiuuarent.
763 1429 856 1467 tum
883 1429 926 1467 et
951 1426 1141 1468 Aeneam
1169 1428 1232 1468 dis
1261 1431 1303 1468 et
1329 1429 1428 1469 uiri·
1458 1439 1500 1470 10

80 1488 158 1528 bus
198 1485 358 1540 iniquis
400 1499 496 1526 cum
528 1483 695 1526 Achille
735 1498 1013 1539 congressum
1048 1501 1307 1540 quamquam
1341 1490 1429 1528 stu-

79 1546 183 1586 dens
217 1544 392 1585 Graecis
425 1544 537 1585 nube
571 1544 880 1585 circumdatum
912 1543 1138 1598 Neptunus
1172 1545 1339 1600 eripuit.

176 1637 314 1671 XVIIII
340 1640 359 1670 2
388 1635 526 1679 Vergil.
554 1636 586 1669 A
612 1635 678 1669 IIII
708 1639 773 1670 129
812 1635 863 1669 XI
892 1640 921 1670 1.

174 1683 241 1718 XX
266 1688 286 1717 3
313 1682 451 1727 Vergil.
480 1684 511 1716 A
538 1681 570 1716 ΙΙ
592 1686 657 1717 331
686 1682 791 1716 milia
816 1685 907 1727 quot
932 1704 978 1708 —
1004 1683 1178 1727 Mycenis.

177 1735 220 1766 10
258 1729 398 1775 Vergil.
426 1730 458 1763 A
484 1730 516 1763 V
543 1733 610 1764 809
649 1730 801 1765 Pelidae
837 1732 925 1764 tunc
964 1741 1032 1774 ego
1065 1730 1153 1765 forti
1193 1741 1428 1775 congressum

81 1778 230 1813 Aenean
263 1788 330 1811 nec
364 1775 418 1810 dis
448 1787 516 1811 nec
541 1776 682 1811 uiribus
709 1776 836 1820 aequis
861 1777 958 1812 nube
986 1788 1077 1812 caua
1103 1778 1218 1822 rapui.
1246 1778 1289 1812 cf.
1317 1778 1333 1811 I
1361 1782 1426 1813 145

78 1826 187 1869 inpar
212 1835 429 1869 congressus
456 1823 605 1857 Achilli.

174 1906 312 1941 XVIIII
341 1909 358 1938 1
381 1901 447 1939 ἀπ’
468 1902 557 1951 Xan]
582 1904 962 1949 mucokessanomposxuwn
977 1906 1012 1940 Ρ
1069 1911 1088 1940 3
1110 1906 1278 1952 munere]
1294 1906 1426 1941 miner—

79 1965 148 1989 uae
169 1954 220 1988 ps
294 1957 313 1987 5
342 1952 424 1998 sub]
455 1964 558 1986 suam
585 1953 796 1987 Groozouius
870 1957 889 1987 6
917 1953 1062 1988 dicatur
1082 1954 1118 1988 P
1190 1958 1207 1988 7
1236 1954 1372 1988 infesta
1393 1954 1429 1988 P

127 2004 146 2035 8
174 2000 332 2045 prelium
362 2000 397 2033 P

172 2070 240 2104 XX
268 2074 285 2104 1
313 2081 359 2104 uc
380 2081 486 2104 omen
505 2080 613 2104 naras
633 2082 729 2115 myc1
750 2071 1120 2116 normaecopnconro
1136 2071 1172 2105 P
1239 2074 1258 2104 2
1286 2055 1425 2105 armati}

79 2126 210 2176 nub¹ib³
227 2141 263 2175 P
281 2151 371 2175 corr.
387 2141 575 2175 Auantius
597 2141 743 2185 (armati
766 2141 947 2185 Vyoletus)
997 2146 1016 2175 3
1039 2142 1130 2185 quot
1148 2141 1277 2186 Ver-qil.
1306 2151 1347 2186 q}
1364 2141 1399 2174 P
1419 2146 1420 2168 ἒ

79 2189 172 2224 uene
198 2188 258 2233 ΡΙ
281 2187 469 2231 moecynis
496 2188 532 2222 P
607 2191 629 2222 4
656 2189 705 2222 Vt
731 2189 779 2222 ps
812 2188 862 2222 At
892 2187 1058 2233 Vyoletus
1141 2192 1160 2222 5
1186 2188 1368 2232 permissa
1394 2188 1430 2222 P

128 2239 147 2269 6
174 2235 257 2280 pro]
284 2245 308 2279 p
335 2234 384 2267 ΡΒ
459 2238 477 2268 7
505 2234 661 2271 decedet
690 2235 725 2268 P
748 2235 980 2279 c0rr.Peipe¹1·
1065 2238 1085 2269 8
1112 2235 1317 2270 assererent
1346 2234 1381 2267 P

80 2287 99 2317 9
127 2283 249 2326 dyana
275 2282 311 2316 P
336 2281 339 2326 Ι
376 2281 490 2327 Mars]
518 2293 596 2316 mas
625 2282 660 2315 P
757 2286 799 2316 10
824 2284 904 2316 tum
932 2285 969 2317 et
995 2282 1043 2316 Ps
1069 2283 1108 2316 et
1133 2293 1198 2317 om.
1224 2281 1389 2326 Vyoletus
1418 2281 1421 2327 Ι

79 2329 150 2374 dis]
179 2326 241 2363 dixi
270 2329 305 2362 P
404 2333 445 2362 12
472 2329 727 2364 circundatum
757 2330 792 2363 P
