1563 2511
621 81 668 86 -
735 69 863 99 LXXX
927 80 979 86 *-

123 164 305 206 Ausonii
336 162 531 218 poetae“:
565 164 647 205 119
683 161 753 215 (de
779 163 920 205 tribus
946 162 1154 218 incestis),
1190 164 1241 205 18
1271 161 1343 218 (ad
1369 177 1473 205 uxo-

123 221 247 279 rem),
278 223 335 264 42
369 221 564 277 (Pallas),
596 222 651 264 23
685 221 785 277 (Qui
817 223 1018 277 laqueum
1052 221 1140 278 —).

213 293 279 335 Ex
324 293 541 335 codicibus
587 296 731 335 autem
775 294 983 347 inpressis
1020 293 1234 334 fluxerunt
1271 295 1474 347 excerpta

124 354 169 394 in
199 352 334 394 libros
367 367 398 393 s.
425 351 528 393 XVI
559 352 705 394 hosce:

212 412 536 453 Ambrosianum
568 411 610 452 P
632 415 686 453 83
717 424 804 465 sup.
838 411 971 452 chart.
1005 409 1075 467 (ex
1108 409 1287 466 Aldina)

212 470 350 512 Paris.
377 473 492 512 8284
524 471 701 512 membr.
732 470 761 511 f.
788 470 995 511 ,20]Γ--24Σ

213 529 349 572 Basa.
376 530 422 571 F
450 529 601 586 VIIII
622 532 678 570 62
710 529 843 570 chart.
876 529 902 570 f.
930 529 1107 570 50—60
1134 527 1202 585 (ex
1230 529 1293 570 ed.
1322 526 1474 583 Basil)

214 587 315 630 Sola
346 588 513 629 oratio
546 588 720 629 transiit
751 588 795 629 in
826 588 922 629 hos:

213 648 537 689 Ambrosianmn
563 647 609 688 F
628 651 683 689 36
716 662 807 701 sup.
841 647 975 688 chart.
1008 647 1036 689 f.
1064 648 1134 689 81ῙΓ

212 706 480 759 Reymensem
505 709 562 748 29
596 705 729 748 chart.
761 706 788 747 f.
816 706 924 747 261ιι

224 765 465 808 Ψγαὲἰεῖαῑι.
491 766 704 807 uniuersit.
724 765 841 806 IIII
858 765 904 806 F
917 768 972 807 36
997 765 1131 806 chart.
1153 780 1183 807 s.
1205 764 1315 806 XV?
1342 763 1370 807 f.
1393 764 1476 806 102

212 825 258 865 in
290 824 563 866 DIarciamcm
589 824 695 877 App.
730 825 776 866 cl.
803 824 966 865 XIIII
985 828 1071 867 230
1110 824 1243 866 chart.
1276 823 1302 864 f.
1332 825 1389 865 11:
1426 837 1477 864 ex

125 884 418 926 Laurentiano
434 884 502 938 51,
520 894 561 925 13
583 883 892 938 transcriptam
909 897 1004 925 eam
1020 884 1263 938 suspicatur
1278 881 1478 925 Schenkl.

249 1056 314 1091 De
348 1054 607 1100 spuriorum
639 1064 828 1099 operum
858 1054 1182 1090 XXI—xxm
1212 1054 1353 1090 libris.

215 1131 342 1173 XXII
374 1130 672 1185 Periochas,
714 1131 766 1172 ab
805 1131 898 1186 ipso
938 1131 1132 1173 Ausonio
1172 1131 1334 1172 alienas
1373 1144 1478 1186 quas

127 1191 213 1232 dixi
245 1190 415 1232 Ueberl.
447 1205 486 1244 p.
515 1190 600 1231 314
634 1192 676 1231 et
707 1190 892 1231 fortasse
912 1190 1142 1245 Fulgentio
1176 1189 1478 1231 adiuclicandas

132 1248 225 1305 (qui
263 1264 360 1291 cum
398 1264 449 1290 ex
481 1249 664 1290 Ausonii
698 1248 890 1291 Centone
923 1265 963 1304 p.
989 1250 1086 1303 218,
1110 1260 1152 1291 10
1186 1252 1481 1291 conmemoret

130 1308 383 1362 Sulpiciam,
428 1322 481 1349 ne
513 1308 646 1349 uerba
680 1308 851 1362 quidem
884 1308 978 1362 illa,
1018 1323 1126 1362 quae
1159 1322 1254 1350 cum
1286 1308 1479 1349 Ausonio

127 1368 208 1422 Ep.
234 1366 383 1408 XXIII
409 1367 435 1409 5
468 1367 697 1409 conmunia
723 1367 855 1408 habet
880 1367 1089 1409 Periocha
1113 1367 1162 1409 Il.
1188 1367 1230 1408 ΙΙ
1258 1367 1296 1419 3,
1328 1367 1480 1408 dubios

128 1426 270 1469 facere
303 1441 382 1468 nos
416 1429 617 1480 possunt,
647 1426 732 1468 uid.
767 1425 953 1468 Schenkl
986 1441 1025 1480 p.
1052 1425 1142 1482 LI),
1175 1441 1225 1467 ex
1257 1426 1370 1467 libro
1404 1425 1481 1466 Pa-

126 1486 263 1527 risino
297 1485 408 1526 edidi
440 1486 514 1536 ita,
546 1487 595 1526 ut
627 1485 986 1539 orthographiam
1018 1486 1118 1527 libri
1145 1500 1242 1526 raro
1269 1487 1479 1526 mutarem

127 1544 343 1599 taciteque
388 1545 640 1599 reciperem,
679 1559 786 1598 quae
824 1544 1037 1599 Vgoletus
1077 1546 1332 1586 correxerat.
1389 1543 1481 1585 Iam

129 1618 237 1658 quae
269 1603 528 1645 Harleianus
569 1603 679 1644 liber
720 1604 843 1644 aliter
880 1603 1012 1645 habet
1051 1606 1178 1658 atque
1211 1618 1307 1645 mea
1339 1603 1482 1657 editio,

129 1663 182 1704 ab
209 1661 718 1717 HMuellero-Struebing
745 1666 923 1704 enotata
950 1663 1158 1704 subiciam
1184 1662 1481 1716 indicaboque,

128 1724 176 1763 ut
219 1721 320 1762 libri
366 1721 598 1764 auctoritas
639 1736 746 1776 quae
785 1723 843 1763 sit
881 1722 1124 1776 ostendam,
1171 1722 1336 1776 aliquot
1373 1721 1479 1763 locis

128 1780 315 1821 Parisini
343 1779 421 1837 (P)
454 1780 631 1835 Vgoleti
663 1781 842 1822 Auantii
876 1796 1142 1823 consensum.

222 1850 332 1884 inser.
359 1850 541 1885 Periocha
566 1849 764 1884 Homerica
790 1849 917 1885 Iliadis
944 1851 990 1885 ab
1018 1850 1182 1885 Ausonio
1275 1853 1295 1884 3
1323 1850 1481 1894 quatuor

128 1907 156 1942 P
229 1911 251 1941 4
278 1907 373 1954 eius]
401 1908 500 1943 enim
598 1912 617 1943 5
646 1908 784 1954 cutem]
820 1903 901 1965 cllte
928 1908 992 1944 m.²
1017 1920 1107 1944 corr.
1200 1913 1220 1944 6
1247 1908 1425 1954 temporis
1452 1908 1480 1942 P

131 1970 172 2001 11
199 1969 410 2001 memoratu
437 1967 509 2002 erit
534 1967 561 2001 P
662 1971 703 2001 12
731 1968 957 2014 temporum]
989 1968 1057 2002 hac
1087 1978 1172 2003 uoce
1204 1968 1335 2011 finitur
1360 1968 1386 2011 f.
1414 1970 1481 2002 19u

129 2014 256 2049 addito
281 2015 346 2049 hoc
365 2016 468 2059 siquo
490 2017 532 2059 ᾗ
555 2016 616 2050 cui
634 2016 829 2060 adscripsit
854 2016 1030 2050 librarius
1049 2015 1208 2059 Require
1229 2016 1300 2050 hoc
1321 2015 1478 2059 signum.

128 2062 259 2105 folium
285 2066 403 2096 autem
423 2066 502 2105 211,
528 2063 593 2097 ubi
617 2064 791 2106 repetitur
815 2064 909 2097 illud
928 2063 1085 2107 sigmum,
1111 2064 1243 2097 omissa
1262 2073 1348 2097 uoce
1367 2062 1479 2097 series

127 2109 251 2143 statim
283 2110 404 2143 uerbis
429 2121 523 2153 quae
550 2110 596 2144 ab
623 2109 788 2143 eiusdem
815 2109 905 2145 belli
929 2111 1074 2145 orditur
1174 2114 1214 2144 13
1244 2108 1410 2154 pertinet

132 2159 174 2190 19
202 2157 522 2191 consumationem
552 2157 577 2191 P
658 2161 701 2190 22
729 2158 890 2201 epitome
920 2158 924 2202 ἱ
954 2156 1106 2202 originis
1134 2157 1161 2190 P
1242 2161 1285 2191 ‘23
1313 2167 1479 2201 quequae

129 2203 157 2237 P
186 2203 190 2249 Ι
219 2202 419 2238 reteximus
445 2204 472 2237 P
552 2207 597 2239 28
624 2203 723 2238 iusta
747 2205 775 2238 P
850 2208 990 2239 29-34
1015 2203 1184 2240 nonnulli
1205 2224 1246 2229 —
1268 2204 1480 2239 restitutam

129 2261 194 2285 om.
231 2251 292 2285 sed
327 2262 461 2286 coaeua
495 2263 607 2286 mama
644 2252 685 2286 in
722 2263 834 2297 mam.
872 2252 1019 2296 addita,
1057 2252 1232 2298 pleraque
1266 2255 1306 2286 ut
1340 2252 1481 2287 dinosci

128 2301 319 2342 ‘nequeant
