1563 2511
631 95 686 99 —-
748 83 915 112 XXXXII
983 95 1030 101 -·

517 174 649 217 „Liber
674 174 891 218 Hieronymi
916 174 1150 210 Acald1·aris“

160 223 398 277 iterumque
431 223 457 265 f.
486 224 592 265 136ιι

159 340 180 381 f
221 341 277 383 84
517 292 649 336 „Liber
674 292 871 327 hieronimi
898 292 1138 338 Acaldranji“

278 345 315 365 u.

335 397 454 442 „Rath
483 397 610 443 Marcij
642 401 728 432 1471
757 409 914 433 veronae
940 398 1034 432 mihi
1060 399 1268 442 Stephanus
1295 399 1339 434 de

624 447 845 480 novomonte
873 445 1037 490 scripsi“.

249 505 353 547 Post
385 504 632 547 Ciceronem
667 506 716 547 de
749 506 915 560 officiis,
953 509 1152 561 excerpta
1185 520 1233 547 ex
1268 506 1505 558 Lactantio,

160 564 326 606 Probae
359 566 559 606 centones
594 568 829 619 sequuntur
860 565 887 606 f.
915 565 993 607 98¹²

367 633 501 668 Versus
528 634 662 669 decimi
688 634 815 678 magni
841 633 996 668 Ausonii

367 681 581 716 Immortale
608 681 700 715 nihil
726 681 853 715 mundi
881 692 1048 726 conpage
1074 682 1221 716 ‘tenetur
1248 702 1291 707 ——

160 742 202 794 [i.
242 756 276 783 e.
318 741 492 784 quenci
538 742 745 783 historiae
792 743 1066 797 euangelicae
1110 744 1400 797 prooemium,
1452 743 1504 785 ab

159 800 347 842 Auantio
382 817 418 842 a.
453 802 562 843 1507
597 802 677 842 hoc
709 801 837 842 titulo
871 801 1050 842 editum:

490 870 667 914 „Ausonii
694 881 843 905 carmen
868 869 1167 916 imperfectum“]

158 930 308 971 deinde
343 933 441 984 post
472 930 695 972 Prudentii
730 931 894 985 aliquot
926 932 1115 972 carmina

157 1004 182 1042 f.
206 1003 298 1034 107u
324 999 461 1043 Incipit
486 999 620 1034 Versus
647 999 818 1034 Pascales
846 998 991 1034 Decimi
1017 1000 1143 1044 magni
1168 1001 1323 1036 Ausonii
1397 1001 1502 1048 [317]

156 1048 182 1089 f.
201 1049 294 1082 10811
319 1047 463 1081 Decimi
488 1046 616 1090 Magni
642 1046 795 1081 Ausonii
823 1047 869 1081 ad
896 1046 1154 1092 Censorium*)
1181 1047 1358 1093 Magnum
1385 1050 1503 1084 Auso-

346 1094 447 1128 nium
475 1095 648 1138 nepotem
675 1106 791 1128 suum.
844 1094 1043 1139 [Proto-apt.
1070 1096 1147 1129 sine
1167 1096 1399 1139 praefatione
1425 1098 1503 1131 322

1260 1155 1295 1178 u.
1323 1146 1439 1178 1—-13

349 1188 442 1222 Sunt
467 1188 579 1222 etiam
607 1187 720 1223 Musis
747 1199 812 1222 sua
839 1188 983 1222 ludiera
1010 1188 1126 1223 mixta
1153 1190 1313 1224 camenis
1342 1211 1383 1216 -—
1443 1144 1455 1189 ]

346 1236 539 1270 Detestere
565 1247 682 1279 nepus
707 1246 869 1279 numque
896 1235 1045 1270 horrida
1070 1235 1190 1271 forma
1217 1237 1396 1282 magistri.

439 1282 555 1327 Explf:
585 1282 742 1326 Grypus.

245 1342 312 1384 Ex
340 1343 483 1384 codice
509 1342 653 1383 nescio
689 1356 770 1396 quo
804 1341 930 1382 huius
964 1342 1126 1384 ordinis
1159 1341 1280 1398 (nam
1313 1343 1363 1385 de
1393 1343 1504 1385 Tici-

156 1402 280 1443 nensi
307 1402 438 1443 dubia
463 1415 528 1442 res
556 1399 639 1455 est)
660 1400 996 1455 Pythagorici
1025 1403 1267 1443 carminis
1290 1403 1503 1457 exempla-

156 1461 222 1502 ria
255 1475 303 1501 ea
336 1461 529 1502 deriuata
562 1463 677 1513 sunt,
710 1474 817 1514 quae
850 1460 1062 1501 habentur
1093 1460 1137 1501 in

88 1525 137 1558 M
246 1521 303 1561 M
319 1540 372 1553 =
395 1519 484 1561 cod.
517 1519 738 1560 Illaroe'ano
777 1519 845 1560 lat.
878 1520 923 1560 el.
960 1519 1065 1560 XII
1098 1523 1152 1561 69
1190 1520 1260 1571 (cf.
1294 1519 1426 1562 Goetz
1458 1522 1503 1562 in

155 1578 420 1620 Fleckeiseni
442 1579 551 1620 Ann.
578 1578 699 1628 1878,
729 1575 832 1633 768)
857 1577 1105 1632 diligentius
1133 1579 1347 1633 descripto
1373 1595 1501 1634 quarn

157 1638 292 1679 altero

98 1700 131 1736 G
246 1696 285 1739 G
306 1717 361 1730 =
383 1695 577 1738 Gudiano
611 1695 695 1737 145
727 1710 838 1737 nunc
865 1695 1267 1750 Guelpherbytano,
1300 1697 1350 1738 de
1383 1698 1501 1739 cuius

156 1756 297 1810 priore
336 1760 459 1809 parte
499 1755 658 1809 scripta
694 1753 845 1795 Iadrae
883 1755 1047 1809 lllyrici
1087 1755 1131 1796 in
1168 1757 1272 1797 urbe
1311 1771 1346 1798 a.
1389 1758 1501 1799 1445

156 1815 270 1855 infra
301 1817 462 1866 agetur.

245 1874 290 1928 4)
313 1873 522 1922 Quartum
545 1873 733 1913 eiusdem
749 1873 900 1913 classis
920 1874 1097 1914 nomino
1112 1874 1281 1927 librum,
1303 1874 1375 1928 qui
1389 1889 1501 1916 nunc

156 1933 398 1986 deperditus
431 1933 609 1974 uidetur.
665 1931 962 1973 Matthaeus
1002 1932 1114 1973 enim
1148 1931 1338 1974 Bossus
1370 1932 1501 1975 Vero-

155 1992 313 2045 nensis,
340 1994 593 2045 procurator
614 1991 827 2045 generalis
850 1991 1192 2046 Augustinianus
1220 1989 1307 2047 (ob.
1331 1991 1502 2033 Patauii

157 2065 192 2091 a.
218 2050 328 2091 1502
356 2051 509 2091 aetatis
539 2049 611 2106 75)
640 2050 684 2090 in
711 2050 896 2103 epistula
923 2050 975 2091 acl
1003 2049 1220 2105 Angelum
1241 2049 1501 2092 Politianum

273 2190 306 2234 >k)
334 2190 383 2224 In
415 2191 649 2234 inscriptione
678 2188 902 2224 Genethliaci
926 2200 993 2233 pro
1024 2200 1110 2224 uoce
1143 2187 1358 2224 Censorium
1393 2190 1502 2225 codex

158 2261 356 2296 Parisinus
392 2261 495 2296 habet
527 2264 572 2295 esi
606 2250 665 2295 c’n‘a
697 2261 806 2305 (quod
842 2261 974 2295 rectius
1015 2260 1261 2304 interpreteris
1306 2259 1496 2304 eundem);

155 2308 241 2343 inde
266 2309 361 2343 lame
387 2319 536 2343 errorem
564 2312 692 2343 nutum
712 2311 804 2351 puto
832 2318 911 2341 cum
938 2307 1156 2341 Schenkelz'o.
