1563 2511
752 502 846 545 XV.

387 599 659 657 <LIBRI
714 598 816 645 DE
873 596 1212 656 FASTIS>

635 689 972 732 CONOLVSIO.

56 822 130 853 [147]
373 807 400 843 Ι.
438 805 683 841 AVSONIVS
707 804 946 840 HESPERIO
972 804 1097 839 FILIO
1126 804 1223 838 SAL.

126 892 286 948 Ignota
317 893 516 932 aeternae
547 905 600 931 ne
633 890 720 931 sint
750 889 832 930 tibi
864 891 1060 955 tempora
1091 889 1272 943 Romae,

184 950 378 1005 Regibus
412 952 455 991 et
485 951 656 1003 patrum
690 948 818 990 dueta
850 949 928 990 sub
961 948 1171 1002 imperiis,

125 1009 301 1065 Digessi
330 1008 468 1050 fastos
502 1011 545 1049 et
573 1007 752 1049 nomina
782 1006 998 1062 praepetis
1032 1007 1143 1060 aeui,

188 1068 348 1122 Sparsa
379 1068 523 1108 iacent
554 1066 724 1109 Latiam
757 1066 793 1106 si
825 1080 908 1120 qua
938 1080 1014 1120 per
1045 1040 1284 1107 historiam.

127 1126 193 1168 Sit
222 1130 321 1168 tuus
353 1126 425 1168 hic
458 1126 639 1180 fruetus3
671 1125 877 1180 uigilatas
911 1125 1054 1178 accipe
1086 1127 1253 1166 noctes:
1453 1135 1473 1165 5

186 1184 448 1240 Obsequitur
483 1185 626 1226 studio
657 1186 808 1226 nostra
839 1185 1012 1225 lucerna
1043 1185 1132 1225 tuo.

127 1244 190 1286 Tu
223 1258 393 1298 quoque
425 1246 629 1285 uenturos
662 1257 738 1297 per
769 1243 946 1297 longum
979 1257 1153 1283 consere
1184 1241 1332 1296 Ianos,

184 1302 246 1344 Vt
277 1317 373 1344 mea
405 1303 584 1357 digessit
615 1301 776 1357 pagina
806 1301 1074 1356 praeteritos.

127 1362 386 1417 Exemplum
418 1361 505 1402 iam
537 1361 674 1416 patris
705 1360 857 1414 habes,
888 1362 936 1401 ut
967 1359 1166 1414 protinus
1199 1361 1241 1400 et
1272 1362 1315 1400 te

186 1421 407 1476 Adgreget
437 1420 642 1461 Ausoniis
673 1433 865 1473 purpura
896 1419 1154 1460 consulibus.
1431 1430 1472 1460 10

57 1562 134 1593 [143]
329 1548 374 1582 Π.
410 1546 713 1582 SVPPVTATIO
739 1545 802 1580 AB
828 1545 958 1580 VRBE
985 1545 1198 1580 CONDITA
1224 1546 1275 1580 IN

499 1598 829 1635 CONSVLATVM
856 1598 1104 1633 NOSTRVM.

126 1684 268 1725 Annis
301 1684 499 1726 undecies
531 1687 704 1725 eentum
736 1683 946 1737 coniunge
980 1685 1231 1737 quaternos,

127 1742 338 1785 Vndeeies
372 1757 589 1797 unumque
622 1756 749 1796 super
780 1741 1002 1783 trieterida
1033 1745 1167 1784 necte.

127 1802 244 1844 Haec
277 1803 359 1843 erit
391 1804 590 1843 aeternae
624 1801 755 1842 series
789 1801 842 1842 ab
876 1801 1041 1855 origine
1072 1800 1248 1843 Romae.

32 1919 102 1952 ΓΖ
219 1918 234 1951 Ι
262 1916 456 1952 Conclusio
485 1938 527 1942 —
556 1917 639 1964 saL]
665 1918 717 1952 sic
750 1916 782 1950 V
805 1927 870 1951 om.
902 1916 935 1951 T
956 1917 1053 1951 alius
1078 1917 1207 1951 titulus
1231 1919 1283 1951 est
1307 1917 1348 1951 in
1373 1917 1423 1951 M
1428 1917 1471 1961 G,

124 1976 226 2009 quem
252 1965 425 1999 transtuli
450 1968 533 1999 ante
559 1976 586 1999 c.
615 1963 722 1998 IIII
746 1965 750 2006 Ι
786 1963 928 2008 esperio
958 1963 991 1997 V
1060 1967 1080 1997 2
1108 1976 1174 2008 sup
1202 1963 1249 1998 V¹
1322 1968 1342 1998 3
1368 1975 1473 2008 prae-

123 2012 221 2056 petis
251 2011 326 2047 VG
362 2012 525 2056 perpetis
554 2011 641 2046 ΤΜ
662 2015 723 2046 cet.
820 2015 841 2044 4
874 2010 905 2045 si
937 2011 1024 2056 qua]
1057 2010 1071 2044 i
1100 2015 1133 2046 et
1159 2022 1183 2054 q
1215 2011 1367 2046 abrasae
1396 2011 1429 2045 Τ

125 2064 146 2093 4
173 2059 326 2093 storiam
358 2058 404 2092 V¹
491 2062 511 2093 5
543 2059 684 2094 fruetus
714 2057 908 2103 uigilatas]
949 2059 1015 2092 litt.
1045 2069 1060 2091 s
1096 2057 1233 2102 uigilat
1263 2058 1416 2093 abrasae
1444 2058 1478 2093 T

172 2108 193 2139 8
220 2105 376 2150 digessit
403 2105 435 2139 V
462 2105 649 2149 congessit
672 2105 708 2139 Z
778 2109 797 2139 9
825 2105 993 2149 exemplo
1020 2105 1160 2140 confide
1186 2115 1285 2140 meo:
1314 2106 1366 2140 sic
1390 2116 1472 2150 pro-

125 2152 224 2188 tinus
252 2153 287 2186 Z
382 2156 425 2187 10
451 2153 632 2197 adgreget
664 2152 698 2186 V
720 2151 885 2196 applicet
910 2153 944 2186 Z

71 2213 104 2246 Γ
218 2211 252 2245 ΙΙ
283 2212 387 2246 habet
413 2211 527 2247 Vom.
548 2212 583 2245 Z
671 2215 691 2245 2
718 2210 884 2246 undenos
911 2222 1097 2255 unumque
1117 2210 1317 2252 Relandus,
1342 2221 1472 2246 unam-

125 2269 196 2302 que
223 2258 385 2304 Sealiyer
404 2263 438 2300 1,
458 2262 526 2300 21,
557 2258 724 2294 undenos
749 2269 934 2302 unamque
961 2259 1147 2294 Baehrens
1244 2262 1265 2293 3
1290 2259 1333 2293 in
1357 2269 1471 2304 mary.

127 2307 281 2351 antiqua
306 2317 351 2341 m.
380 2305 543 2341 CXLVII
577 2306 611 2340 V
