1563 2511
622 87 943 128 —341—

116 190 250 240 “Quis
282 190 514 232 Marcus‘?”
565 190 702 232 ‘Feles
735 205 870 244 nuper
900 192 1083 245 pullaria
1116 192 1270 246 dictus,

175 248 378 303 Corrupit
407 251 548 290 totum
581 250 651 303 qui
682 249 843 303 puerile
877 263 1016 303 secus,

114 308 346 349 Peruersae
377 307 558 349 Veneris
589 308 756 361 postico
788 308 964 349 uulnere
996 309 1155 363 fossor,

173 367 310 408 Lucili
342 366 454 407 uatis
488 367 658 420 subpilo
691 365 981 421 pullipremo.'

116 424 247 466 “Non
279 427 447 478 taurus,
478 439 564 466 non
597 425 737 466 mulus
772 425 868 478 erit,
899 439 986 467 non
1017 425 1357 482 hippocamehm,

172 483 270 525 Non
304 497 431 538 caper
463 486 536 524 aut
567 484 693 538 aries,
727 483 799 526 sed
834 484 1088 526 scarabaeus
1121 484 1245 527 erit.''
1417 497 1457 527 10

44 623 209 649 Lxxvni
231 623 317 655 [cxx]
352 610 415 644 DE
444 610 660 645 CASTORE
686 611 974 646 FELLATORE
1003 610 1085 652 QVI
1111 611 1242 646 SVAM

540 657 787 692 LINGEBAT
811 658 1030 693 VXOREM.

113 728 320 771 Lambere
354 744 448 771 cum
481 731 613 771 uellet
645 730 881 772 mediorum
915 731 1107 772 membra
1138 732 1329 773 uirorum

173 786 326 829 Castor
358 803 434 830 nec
466 791 612 843 posset
644 790 801 844 uulgus
833 790 991 831 habere
1024 790 1158 844 (lomi,

112 846 334 901 Repperit,
368 850 416 888 ut
446 848 615 888 nullum
647 848 821 889 fellator
852 849 1047 903 perderet
1077 849 1251 903 inguen:

172 904 327 946 onris
361 907 504 960 coepit
534 907 698 962 lingere
730 907 923 948 membra
956 922 1068 948 suae.

40 1021 540 1103 I‘mesirLssslciRiPTvM
565 1068 804 1103 PICTVRAE
832 1068 1064 1104 MVLIERIS
1090 1068 1369 1104 IMPVDICAE.

112 1151 289 1192 Praeter
320 1152 505 1207 legitimi
538 1153 727 1207 genialia
760 1153 932 1195 foedera
965 1155 1109 1195 coetus

112 1210 321 1264 Repperit
353 1211 560 1252 obscenas
593 1226 768 1253 ueneres
801 1212 959 1253 uitiosa
992 1211 1147 1253 libido:

111 1268 308 1310 Herculis
340 1269 485 1310 heredi
519 1285 646 1324 quam
679 1270 856 1312 Lemnia
890 1271 1027 1312 suasit
1059 1272 1247 1325 egestas,

113 1327 248 1375 Quam
280 1330 385 1382 toga
416 1328 586 1370 facundi
619 1329 784 1370 scaenis
819 1329 1002 1383 agitauit
1035 1329 1189 1370 Afrani

111 1386 169 1426 Et
201 1401 327 1441 quani
360 1385 540 1428 Nolanis
575 1388 772 1441 capitalis
805 1388 928 1429 luxus
961 1388 1128 1429 inussit.
1439 1400 1457 1429 5

113 1443 268 1499 Crispa
298 1448 444 1486 tamen
477 1448 648 1487 cunctas
682 1449 851 1488 exercet
883 1461 1059 1501 corpore
1091 1447 1137 1487 in
1169 1461 1273 1488 uno:

112 1501 337 1558 Degluhst,
369 1504 509 1558 fellat,
544 1506 717 1546 molitur
748 1520 823 1559 per
854 1508 1080 1560 utramque
1113 1520 1358 1561 cauernam,

111 1561 177 1602 Ne
211 1563 311 1616 quid
345 1563 609 1616 inexpertum
643 1564 803 1605 frustra
835 1565 1042 1606 moritura
1074 1564 1300 1619 relinquat.

206 1705 225 1735 5
253 1675 341 1746 quisi
368 1702 428 1745 (az.
457 1713 472 1736 s
497 1703 557 1746 ss.)
586 1702 617 1735 T
650 1702 712 1746 qui
738 1703 870 1738 Hartez
893 1706 896 1745 ι
928 1703 1033 1738 senes
1061 1702 1136 1737 TG
1235 1706 1254 1738 o
1281 1713 1383 1738 secus
1412 1704 1461 1738 M

110 1748 218 1805 (ἔθους
246 1771 285 1815 (d
311 1773 357 1806 αῑ.
384 1782 442 1814 ss„
471 1784 486 1805 s
513 1774 631 1807 eadem
657 1775 698 1807 in
724 1785 748 1817 g
773 1784 878 1816 corr.²
903 1775 964 1808 sed
988 1785 1012 1818 g
1032 1777 1159 1817 postea
1185 1775 1265 1818 del.)
1291 1773 1323 1808 T
1347 1774 1457 1826 decus

114 1817 147 1851 G
245 1823 263 1852 7
290 1818 439 1853 uolnere
467 1819 515 1852 M
608 1824 627 1854 8
655 1819 773 1854 lucilii
802 1820 889 1854 TM
924 1821 1027 1854 lucili
1057 1820 1089 1855 G
1117 1822 1121 1865 Ι
1157 1821 1224 1855 sub
1250 1820 1326 1865 pilo
1353 1820 1457 1865 (pilio

111 1865 157 1909 G)
178 1865 213 1898 Z
236 1865 366 1900 subulo
390 1865 591 1900 Ferrarius
616 1866 720 1911 pullo
745 1878 892 1911 premor
912 1868 946 1901 Z
970 1868 1072 1911 (pulo
1098 1878 1245 1912 premor
1266 1867 1323 1912 T),
1349 1868 1458 1912 pulli-

109 1923 239 1956 prema
270 1923 367 1956 „ozon
398 1913 647 1957 pullipremo“
675 1914 837 1959 Scaliyer
862 1918 902 1957 1,
932 1918 1001 1958 27,
1027 1915 1280 1959 pullopremus
1306 1915 1458 1951 Schenkl

157 1963 177 1993 9
204 1960 492 2003 hyppocarnelus
522 1960 554 1993 T
577 1962 842 2004 yppooamelus
871 1962 918 1995 M
1016 1966 1059 1996 10
1086 1961 1299 1997 scarabaius
1328 1962 1399 1997 TG

202 2017 389 2052 LXXVIII
414 2020 521 2053 inser.
553 2018 585 2052 G
612 2031 675 2055 om.
706 2020 738 2053 T
746 2021 794 2054 M
815 2023 819 2063 l
852 2021 1082 2055 coniunctum
1108 2032 1187 2056 cum
1212 2022 1393 2065 superiori
1417 2022 1458 2056 in

113 2066 162 2100 M
258 2069 275 2098 1
305 2069 335 2099 et
361 2070 382 2099 4
408 2066 573 2100 membra
599 2066 647 2099 M
741 2071 760 2101 3
788 2067 926 2111 reperit
953 2067 985 2101 Τ
1079 2071 1099 2102 4
1126 2068 1226 2113 cepit
1253 2069 1301 2102 M

203 2123 409 2157 LXXVIIII
429 2125 537 2159 inser.
557 2123 648 2158 GM
666 2135 730 2159 om.
750 2125 783 2159 T
799 2125 1024 2170 (subscripta
1038 2126 1086 2162 M
1102 2126 1200 2170 picte
1222 2127 1270 2161 M
1317 2131 1332 2160 1
1355 2126 1457 2170 geni-

108 2170 203 2204 talia
228 2170 261 2204 Z
297 2171 460 2214 genialia
485 2171 671 2206 Baehrens
692 2173 697 2216 1
721 2172 856 2208 faedera
885 2174 916 2207 T
938 2176 941 2216 1
966 2175 1066 2207 cetus
1089 2173 1177 2207 TM
1272 2177 1291 2206 2
1320 2173 1458 2217 reperit

111 2217 144 2250 Τ
165 2219 169 2261 Ι
191 2219 335 2251 ueneris
364 2217 395 2250 Τ
490 2222 510 2252 3
537 2217 672 2253 haeredi
699 2219 771 2254 ΤΘ
861 2224 883 2254 4
908 2220 1076 2255 facundis
1103 2220 1201 2267 cenis
1223 2220 1255 2253 T
1279 2220 1393 2264 (cenis
1412 2220 1461 2254 M

109 2264 240 2354 {elin}
257 2264 301 2309 T)
329 2265 362 2298 Z
383 2267 386 2307 Ι
410 2264 528 2299 afrani
549 2265 581 2300 G
673 2270 693 2300 5
720 2266 876 2301 nollanis
900 2266 934 2301 G
1027 2272 1044 2302 7
1074 2267 1235 2312 deglutit
1256 2267 1288 2301 Τ
1311 2268 1453 2312 (utran-
