1563 2511
73 196 257 238 Parisini
297 195 546 250 apographo
584 195 743 236 uitioso
785 194 901 235 dedit
937 193 1170 249 Vgoletus)
1205 194 1417 235 Auantius

73 270 196 296 suum
235 255 393 296 librum
430 254 565 295 multo
598 253 880 295 uetustiorem
918 253 1221 307 melioremque
1263 253 1419 294 mirum

72 314 116 354 in
166 313 341 355 modum
392 312 651 366 contempsit
706 326 783 353 nec
838 314 985 353 tamen
1035 326 1209 365 prorsus
1266 312 1419 353 desunt

73 372 269 427 exempla
307 372 412 413 satis
452 375 568 412 certa
607 371 797 412 sincerae
836 370 1052 424 lectionis,
1093 371 1215 424 quale
1247 371 1291 412 in
1322 371 1417 426 ipso

73 431 384 486 epigrammate
421 432 460 484 1,
494 431 519 471 9
552 431 732 484 „irascor
763 429 970 471 Proculo“.

71 581 108 618 C.
156 580 413 616 EXCERPTA
442 581 505 615 DE
539 580 801 615 OPVSCVLIS
828 579 998 614 DECIMI
1024 579 1183 614 MAGNI
1208 579 1417 614 AVSONII.

159 654 326 696 Horum
372 651 718 709 excerptorumss)
760 668 891 694 unum
937 652 1041 694 olim
1084 667 1238 706 corpus
1276 651 1420 704 fuisse,

71 714 291 754 conditum
305 715 352 753 ut
367 712 535 753 uidetur
557 715 657 753 ante
672 727 702 753 s.
717 711 835 765 VIII,
856 712 1026 752 ostendi
1040 710 1211 752 Ueberl.
1229 711 1314 752 298
1328 725 1420 765 sqq.

71 772 422 827 conplectebatur
445 775 587 812 autem
609 772 663 813 ab
685 771 807 812 initio
828 771 933 811 haec
955 770 1159 823 carmina⁷
1181 784 1289 824 quae
1308 784 1419 810 nunc

70 831 281 885 dissipata
319 830 533 871 habentur
571 831 615 871 in
652 830 791 883 libris,
831 844 937 884 quos
976 830 1100 870 laeua
1132 829 1327 884 margine
1359 829 1419 869 in-

69 890 226 990 ὼῗὲἒ).
302 945 489 990 Incipiunt
510 948 727 998 excerpta
747 946 798 980 de
819 944 1057 989 opusculis
1076 943 1416 989 DecimiMagni

70 1040 211 1084 1(GB)
310 992 556 1075 M‘cisslesfiiiih

448 1086 609 1131 Explicit
634 1086 776 1121 Decimi
802 1085 931 1131 Magni
956 1085 1112 1120 Ausonii
1138 1085 1306 1120 Mosella.

69 1133 211 1177 2(GB)
310 1134 446 1178 incipit
472 1133 673 1178 epistola
699 1132 954 1178 Symmachi
981 1133 1033 1167 ad
1062 1133 1318 1166 Ausonium.

70 1182 150 1223 3OE
161 1181 251 1224 ΡΣ)
303 1180 439 1225 Incipit
465 1179 625 1225 epistola
650 1180 805 1215 Ausonii
831 1181 877 1214 ad
905 1179 1125 1224 Hesperium
1150 1178 1268 1213 filium

399 1227 564 1272 Explicit
589 1227 760 1272 epistola.
1202 1227 1227 1272 [
1227 1226 1418 1272 Caesares]

305 1274 493 1320 Incipiunt
517 1275 751 1310 monosticha
777 1274 821 1308 de
848 1274 975 1309 ordine
1001 1274 1275 1319 imperatorum.

190 1410 206 1439 1
235 1415 323 1438 exce
325 1408 406 1449 rpta
431 1403 459 1436 B

188 1457 208 1487 3
237 1451 372 1486 decimi
397 1451 523 1495 magni
549 1451 695 1485 ausonii
721 1461 787 1486 om.
807 1451 843 1504 ,Β

70 1605 134 1629 om·
161 1594 208 1674 B7
235 1639 440 1674 monastica
465 1641 501 1673 Σ
520 1639 524 1685 Ι
546 1638 785 1684 imperiorum
811 1640 839 1674 P
862 1642 867 1684 1
889 1643 1001 1674 totum
1026 1640 1174 1674 titulum
1201 1650 1266 1674 om.
1294 1639 1323 1672 B

187 1758 218 1801 *)
243 1768 316 1792 non
335 1760 434 1792 recte
454 1757 603 1802 eclogas
630 1757 777 1800 dixeris,
804 1769 890 1792 nam
916 1757 1129 1802 eclogarum
1155 1756 1306 1792 titulum
1327 1768 1416 1801 pau-

70 1817 195 1840 corum
228 1816 271 1839 ex
303 1805 361 1838 his
393 1815 473 1839 esse
509 1803 732 1847 carminum,
766 1815 892 1839 eorum
922 1815 1055 1849 nempe
1089 1814 1183 1848 quae
1217 1815 1347 1839 reuera
1373 1815 1418 1838 ex

69 1852 282 1887 Ausoniano
314 1851 380 1885 illo
412 1850 634 1895 Eclogarum
667 1851 763 1886 libro
796 1852 928 1886 hausta
960 1853 1063 1895 sunt,
1098 1852 1297 1886 ostendunt
1330 1850 1416 1886 sub-

70 1899 290 1944 scriptiones
309 1897 487 1942 Hesiodfi,
514 1899 559 1933 de
583 1899 664 1933 viro
692 1899 788 1934 bono
817 1900 854 1933 et
880 1899 924 1933 de
945 1898 1013 1933 Est
1033 1901 1070 1933 et
1088 1898 1183 1943 Non,
1210 1909 1303 1942 quae
1330 1899 1416 1932 sunt

67 1947 106 1981 in
140 1945 330 1981 SGallensi
362 1947 399 1981 et
432 1945 599 1980 Puteano
633 1948 671 1980 et
695 1945 864 1981 quenali
895 1946 1023 1981 libello
1056 1947 1166 1990 (unde
1199 1946 1237 1979 in
1268 1957 1416 1980 carmen

69 1994 114 2028 de
140 1993 248 2028 Rosis
274 1992 454 2036 transiit);
481 1992 520 2027 in
538 1993 720 2028 Vossiano
749 1995 786 2028 et
812 1993 998 2028 Ticinensi
1025 1993 1255 2038 singulorum
1282 1993 1343 2027 hic
1369 1992 1414 2027 ti-

67 2042 168 2075 tulus
194 2052 268 2075 non
294 2042 358 2075 est.
404 2038 643 2075 Communem
670 2040 841 2075 omnibus
866 2040 1030 2085 titulum,
1057 2040 1119 2084 qui
1146 2041 1203 2075 est
1228 2040 1415 2084 Excerpta

70 2089 179 2132 etqs„
218 2088 412 2132 praestant
449 2087 632 2132 pleniores
667 2087 814 2122 codices
849 2088 882 2122 G
915 2089 952 2122 et
978 2088 1024 2122 B.
1076 2089 1238 2122 ceterum
1272 2087 1317 2121 de
1348 2098 1416 2121 usu

70 2135 171 2170 uocis
204 2135 353 2179 eclogae
385 2135 447 2169 uel
480 2135 653 2179 eglogae,
691 2135 754 2179 qui
785 2135 870 2169 inde
904 2146 926 2170 a
957 2135 1077 2180 primo
1109 2136 1196 2178 post
1227 2134 1414 2169 Christum

70 2182 218 2217 saeculo
251 2193 297 2227 ap
285 2164 349 2216 Dud
382 2182 690 2217 commentatores
722 2182 958 2226 potissimum
990 2182 1166 2224 inualuit‚
1207 2181 1280 2215 uid.
1314 2182 1414 2215 locos

68 2228 164 2264 infra
196 2230 242 2263 ad
276 2228 497 2273 Cupidinem
528 2240 562 2273 p.
590 2232 657 2263 455
690 2230 894 2273 conlectos,
929 2229 1062 2273 quibus
1096 2240 1140 2264 ex
1174 2228 1301 2263 Seruio
1327 2227 1412 2262 Ρο1·-

68 2275 358 2357 ρῇγϊίοηὲἂεῶἰε
378 2275 677 2321 Vergilianorum
704 2276 1064 2321 Horatianorumque
1092 2275 1295 2310 carminum
1322 2275 1411 2309 lem-

71 2325 173 2358 mata
199 2334 221 2358 a
276 2335 328 2358 as.

1081 2380 1130 2414 d*

1465 1043 1488 1308 -ασοοιῆὶωιθ
1468 949 1485 979 μ
