<?xml version="1.0" encoding="UTF-8"?>
<!DOCTYPE html PUBLIC "-//W3C//DTD XHTML 1.0 Transitional//EN"
    "http://www.w3.org/TR/xhtml1/DTD/xhtml1-transitional.dtd">
<html xmlns="http://www.w3.org/1999/xhtml" xml:lang="en" lang="en">
 <head>
  <title>
</title>
<meta http-equiv="Content-Type" content="text/html;charset=utf-8" />
  <meta name='ocr-system' content='tesseract 3.04.00' />
  <meta name='ocr-capabilities' content='ocr_page ocr_carea ocr_par ocr_line ocrx_word'/>
</head>
<body>
  <div class='ocr_page' id='page_1' title='image "./opuscula00ausouoft_0276.png"; bbox 0 0 1563 2511; ppageno 0'>
   <div class='ocr_carea' id='block_1_1' title="bbox 25 171 67 204">
    <p class='ocr_par' dir='ltr' id='par_1_1' title="bbox 25 171 67 204">
     <span class='ocr_line' id='line_1_1' title="bbox 25 171 67 204; baseline 0.071 -3"><span class='ocrx_word' id='word_1_1' title='bbox 25 171 67 204; x_wconf 87' lang='grc'>15</span> 
     </span>
    </p>
   </div>
   <div class='ocr_carea' id='block_1_2' title="bbox 23 466 68 498">
    <p class='ocr_par' dir='ltr' id='par_1_2' title="bbox 23 466 68 498">
     <span class='ocr_line' id='line_1_2' title="bbox 23 466 68 498; baseline 0 0"><span class='ocrx_word' id='word_1_2' title='bbox 23 466 68 498; x_wconf 83' lang='grc'>20</span> 
     </span>
    </p>
   </div>
   <div class='ocr_carea' id='block_1_3' title="bbox 25 758 69 791">
    <p class='ocr_par' dir='ltr' id='par_1_3' title="bbox 25 758 69 791">
     <span class='ocr_line' id='line_1_3' title="bbox 25 758 69 791; baseline 0 0"><span class='ocrx_word' id='word_1_3' title='bbox 25 758 69 791; x_wconf 81' lang='lat'>25</span> 
     </span>
    </p>
   </div>
   <div class='ocr_carea' id='block_1_4' title="bbox 27 1056 71 1088">
    <p class='ocr_par' dir='ltr' id='par_1_4' title="bbox 27 1056 71 1088">
     <span class='ocr_line' id='line_1_4' title="bbox 27 1056 71 1088; baseline -0.023 0"><span class='ocrx_word' id='word_1_4' title='bbox 27 1056 71 1088; x_wconf 88' lang='lat'>30</span> 
     </span>
    </p>
   </div>
   <div class='ocr_carea' id='block_1_5' title="bbox 611 53 935 93">
    <p class='ocr_par' dir='ltr' id='par_1_5' title="bbox 611 53 935 93">
     <span class='ocr_line' id='line_1_5' title="bbox 611 53 935 93; baseline 0 0"><span class='ocrx_word' id='word_1_5' title='bbox 611 53 935 93; x_wconf 75' lang='lat'>—142—</span> 
     </span>
    </p>
   </div>
   <div class='ocr_carea' id='block_1_6' title="bbox 92 157 1451 1334">
    <p class='ocr_par' dir='ltr' id='par_1_6' title="bbox 92 157 1451 1334">
     <span class='ocr_line' id='line_1_6' title="bbox 93 157 1446 215; baseline -0.001 -14"><span class='ocrx_word' id='word_1_6' title='bbox 93 159 325 215; x_wconf 88' lang='lat' dir='ltr'>plurimum</span> <span class='ocrx_word' id='word_1_7' title='bbox 371 157 440 198; x_wconf 91' lang='lat' dir='ltr'>uel</span> <span class='ocrx_word' id='word_1_8' title='bbox 487 157 678 199; x_wconf 89' lang='lat' dir='ltr'>moribus</span> <span class='ocrx_word' id='word_1_9' title='bbox 724 158 953 214; x_wconf 74' lang='lat' dir='ltr'><strong>derogasti.</strong></span> <span class='ocrx_word' id='word_1_10' title='bbox 1022 162 1064 200; x_wconf 89' lang='lat' dir='ltr'>et</span> <span class='ocrx_word' id='word_1_11' title='bbox 1105 161 1252 200; x_wconf 84' lang='lat' dir='ltr'>tamen</span> <span class='ocrx_word' id='word_1_12' title='bbox 1296 160 1446 200; x_wconf 88' lang='lat' dir='ltr'>contra</span> 
     </span>
     <span class='ocr_line' id='line_1_7' title="bbox 92 216 1443 272; baseline -0.002 -11"><span class='ocrx_word' id='word_1_13' title='bbox 92 218 370 261; x_wconf 84' lang='lat' dir='ltr'>interdictum</span> <span class='ocrx_word' id='word_1_14' title='bbox 402 219 525 258; x_wconf 88' lang='lat' dir='ltr'>tuum</span> <span class='ocrx_word' id='word_1_15' title='bbox 556 216 629 258; x_wconf 83' lang='lat' dir='ltr'>uix</span> <span class='ocrx_word' id='word_1_16' title='bbox 662 216 714 258; x_wconf 89' lang='lat' dir='ltr'>ad</span> <span class='ocrx_word' id='word_1_17' title='bbox 746 217 862 259; x_wconf 88' lang='lat' dir='ltr'>illius</span> <span class='ocrx_word' id='word_1_18' title='bbox 894 218 1034 272; x_wconf 91' lang='lat' dir='ltr'>operis</span> <span class='ocrx_word' id='word_1_19' title='bbox 1067 232 1222 260; x_wconf 87' lang='lat' dir='ltr'>arcana</span> <span class='ocrx_word' id='word_1_20' title='bbox 1254 217 1443 272; x_wconf 88' lang='lat' dir='ltr'>perueni.</span> 
     </span>
     <span class='ocr_line' id='line_1_8' title="bbox 93 275 1443 330; baseline -0.001 -11"><span class='ocrx_word' id='word_1_21' title='bbox 93 277 225 320; x_wconf 91' lang='lat' dir='ltr'>uelim</span> <span class='ocrx_word' id='word_1_22' title='bbox 256 279 411 330; x_wconf 74' lang='lat' dir='ltr'>tacere,</span> <span class='ocrx_word' id='word_1_23' title='bbox 443 275 546 330; x_wconf 91' lang='lat' dir='ltr'>quid</span> <span class='ocrx_word' id='word_1_24' title='bbox 578 276 783 330; x_wconf 84' lang='lat' dir='ltr'>sentiam3</span> <span class='ocrx_word' id='word_1_25' title='bbox 815 277 943 317; x_wconf 88' lang='lat' dir='ltr'>uelim</span> <span class='ocrx_word' id='word_1_26' title='bbox 976 277 1090 319; x_wconf 86' lang='lat' dir='ltr'>iusto</span> <span class='ocrx_word' id='word_1_27' title='bbox 1123 277 1173 318; x_wconf 93' lang='lat' dir='ltr'>de</span> <span class='ocrx_word' id='word_1_28' title='bbox 1199 280 1242 319; x_wconf 91' lang='lat' dir='ltr'>te</span> <span class='ocrx_word' id='word_1_29' title='bbox 1270 276 1443 318; x_wconf 90' lang='lat' dir='ltr'>silentio</span> 
     </span>
     <span class='ocr_line' id='line_1_9' title="bbox 93 334 1446 390; baseline -0.002 -12"><span class='ocrx_word' id='word_1_30' title='bbox 93 335 323 390; x_wconf 79' lang='lat' dir='ltr'>uindicari3</span> <span class='ocrx_word' id='word_1_31' title='bbox 357 334 431 376; x_wconf 89' lang='lat' dir='ltr'>sed</span> <span class='ocrx_word' id='word_1_32' title='bbox 458 334 683 376; x_wconf 89' lang='lat' dir='ltr'>admiratio</span> <span class='ocrx_word' id='word_1_33' title='bbox 712 336 970 390; x_wconf 88' lang='lat' dir='ltr'>scriptorum</span> <span class='ocrx_word' id='word_1_34' title='bbox 996 350 1168 377; x_wconf 90' lang='lat' dir='ltr'>sensum</span> <span class='ocrx_word' id='word_1_35' title='bbox 1193 334 1358 390; x_wconf 85' lang='lat' dir='ltr'>frangit</span> <span class='ocrx_word' id='word_1_36' title='bbox 1383 334 1446 375; x_wconf 92' lang='lat' dir='ltr'>in-</span> 
     </span>
     <span class='ocr_line' id='line_1_10' title="bbox 94 394 1445 449; baseline -0.002 -12"><span class='ocrx_word' id='word_1_37' title='bbox 94 395 239 437; x_wconf 87' lang='lat' dir='ltr'>iuriae.</span> <span class='ocrx_word' id='word_1_38' title='bbox 312 394 415 436; x_wconf 91' lang='lat' dir='ltr'>noui</span> <span class='ocrx_word' id='word_1_39' title='bbox 468 407 545 449; x_wconf 91' lang='lat' dir='ltr'>ego</span> <span class='ocrx_word' id='word_1_40' title='bbox 597 394 729 435; x_wconf 88' lang='lat' dir='ltr'>istum</span> <span class='ocrx_word' id='word_1_41' title='bbox 779 394 976 449; x_wconf 76' lang='lat' dir='ltr'>fluuium,</span> <span class='ocrx_word' id='word_1_42' title='bbox 1027 409 1122 436; x_wconf 89' lang='lat' dir='ltr'>cum</span> <span class='ocrx_word' id='word_1_43' title='bbox 1173 397 1445 436; x_wconf 88' lang='lat' dir='ltr'>aeternorum</span> 
     </span>
     <span class='ocr_line' id='line_1_11' title="bbox 94 452 1445 509; baseline -0.002 -13"><span class='ocrx_word' id='word_1_44' title='bbox 94 454 337 509; x_wconf 81' lang='lat' dir='ltr'>principum</span> <span class='ocrx_word' id='word_1_45' title='bbox 370 453 456 493; x_wconf 88' lang='lat' dir='ltr'>iam</span> <span class='ocrx_word' id='word_1_46' title='bbox 487 452 652 506; x_wconf 87' lang='lat' dir='ltr'>pridem</span> <span class='ocrx_word' id='word_1_47' title='bbox 686 453 811 507; x_wconf 89' lang='lat' dir='ltr'>signa</span> <span class='ocrx_word' id='word_1_48' title='bbox 843 454 1081 506; x_wconf 78' lang='lat' dir='ltr'>comitarer,</span> <span class='ocrx_word' id='word_1_49' title='bbox 1112 467 1259 508; x_wconf 84' lang='lat' dir='ltr'>parem</span> <span class='ocrx_word' id='word_1_50' title='bbox 1285 452 1445 506; x_wconf 70' lang='lat' dir='ltr'>multis,</span> 
     </span>
     <span class='ocr_line' id='line_1_12' title="bbox 94 511 1446 568; baseline -0.001 -14"><span class='ocrx_word' id='word_1_51' title='bbox 94 514 303 568; x_wconf 89' lang='lat' dir='ltr'>imparem</span> <span class='ocrx_word' id='word_1_52' title='bbox 341 511 553 554; x_wconf 82' lang='lat' dir='ltr'>maximis.</span> <span class='ocrx_word' id='word_1_53' title='bbox 615 511 728 553; x_wconf 90' lang='lat' dir='ltr'>hunc</span> <span class='ocrx_word' id='word_1_54' title='bbox 759 514 807 552; x_wconf 92' lang='lat' dir='ltr'>tu</span> <span class='ocrx_word' id='word_1_55' title='bbox 840 511 947 553; x_wconf 90' lang='lat' dir='ltr'>mihi</span> <span class='ocrx_word' id='word_1_56' title='bbox 978 512 1198 566; x_wconf 91' lang='lat' dir='ltr'>inprouiso</span> <span class='ocrx_word' id='word_1_57' title='bbox 1232 512 1446 553; x_wconf 87' lang='lat' dir='ltr'>clarorum</span> 
     </span>
     <span class='ocr_line' id='line_1_13' title="bbox 93 569 1446 626; baseline -0.003 -12"><span class='ocrx_word' id='word_1_58' title='bbox 93 586 295 614; x_wconf 90' lang='lat' dir='ltr'>uersuum</span> <span class='ocrx_word' id='word_1_59' title='bbox 321 570 534 625; x_wconf 72' lang='lat' dir='ltr'>dignitate</span> <span class='ocrx_word' id='word_1_60' title='bbox 557 569 776 624; x_wconf 85' lang='lat' dir='ltr'>Aegyptio</span> <span class='ocrx_word' id='word_1_61' title='bbox 798 569 899 611; x_wconf 93' lang='lat' dir='ltr'>Nilo</span> <span class='ocrx_word' id='word_1_62' title='bbox 927 571 1146 625; x_wconf 81' lang='lat' dir='ltr'>maiorem,</span> <span class='ocrx_word' id='word_1_63' title='bbox 1178 570 1446 626; x_wconf 82' lang='lat' dir='ltr'>frigidiorem</span> 
     </span>
     <span class='ocr_line' id='line_1_14' title="bbox 96 628 1447 685; baseline -0.002 -13"><span class='ocrx_word' id='word_1_64' title='bbox 96 630 297 685; x_wconf 77' lang='lat' dir='ltr'>Scythico</span> <span class='ocrx_word' id='word_1_65' title='bbox 318 629 453 671; x_wconf 87' lang='lat' dir='ltr'>Tanai</span> <span class='ocrx_word' id='word_1_66' title='bbox 481 629 788 684; x_wconf 82' lang='lat' dir='ltr'>clarioremque</span> <span class='ocrx_word' id='word_1_67' title='bbox 813 629 896 671; x_wconf 90' lang='lat' dir='ltr'>hoc</span> <span class='ocrx_word' id='word_1_68' title='bbox 915 632 1063 671; x_wconf 88' lang='lat' dir='ltr'>nostro</span> <span class='ocrx_word' id='word_1_69' title='bbox 1085 630 1281 684; x_wconf 88' lang='lat' dir='ltr'>populari</span> <span class='ocrx_word' id='word_1_70' title='bbox 1302 628 1447 670; x_wconf 84' lang='lat' dir='ltr'>Tiberi</span> 
     </span>
     <span class='ocr_line' id='line_1_15' title="bbox 95 688 1447 743; baseline -0.002 -12"><span class='ocrx_word' id='word_1_71' title='bbox 95 689 332 732; x_wconf 86' lang='lat' dir='ltr'>reddidisti.</span> <span class='ocrx_word' id='word_1_72' title='bbox 382 703 651 743; x_wconf 85' lang='lat' dir='ltr'>nequaquam</span> <span class='ocrx_word' id='word_1_73' title='bbox 682 688 764 729; x_wconf 85' lang='lat' dir='ltr'>tibi</span> <span class='ocrx_word' id='word_1_74' title='bbox 794 688 1010 730; x_wconf 88' lang='lat' dir='ltr'>crederem</span> <span class='ocrx_word' id='word_1_75' title='bbox 1037 689 1087 730; x_wconf 89' lang='lat' dir='ltr'>de</span> <span class='ocrx_word' id='word_1_76' title='bbox 1113 688 1323 730; x_wconf 85' lang='lat' dir='ltr'>Mosellae</span> <span class='ocrx_word' id='word_1_77' title='bbox 1349 690 1447 729; x_wconf 91' lang='lat' dir='ltr'>ortu</span> 
     </span>
     <span class='ocr_line' id='line_1_16' title="bbox 97 747 1447 812; baseline -0.003 -21"><span class='ocrx_word' id='word_1_78' title='bbox 97 763 145 791; x_wconf 82' lang='lat' dir='ltr'>ac</span> <span class='ocrx_word' id='word_1_79' title='bbox 172 750 314 790; x_wconf 89' lang='lat' dir='ltr'>meatu</span> <span class='ocrx_word' id='word_1_80' title='bbox 340 761 500 802; x_wconf 85' lang='lat' dir='ltr'>magna</span> <span class='ocrx_word' id='word_1_81' title='bbox 525 747 735 800; x_wconf 83' lang='lat' dir='ltr'>narranti,</span> <span class='ocrx_word' id='word_1_82' title='bbox 763 747 808 788; x_wconf 91' lang='lat' dir='ltr'>ni</span> <span class='ocrx_word' id='word_1_83' title='bbox 834 747 1000 801; x_wconf 86' lang='lat' dir='ltr'>scirem,</span> <span class='ocrx_word' id='word_1_84' title='bbox 1033 747 1145 802; x_wconf 89' lang='lat' dir='ltr'>quod</span> <span class='ocrx_word' id='word_1_85' title='bbox 1173 762 1251 789; x_wconf 90' lang='lat' dir='ltr'>nec</span> <span class='ocrx_word' id='word_1_86' title='bbox 1276 747 1322 788; x_wconf 90' lang='lat' dir='ltr'>in</span> <span class='ocrx_word' id='word_1_87' title='bbox 1347 760 1447 812; x_wconf 82' lang='lat' dir='ltr'>poe-</span> 
     </span>
     <span class='ocr_line' id='line_1_17' title="bbox 97 805 1448 861; baseline -0.002 -12"><span class='ocrx_word' id='word_1_88' title='bbox 97 810 211 849; x_wconf 87' lang='lat' dir='ltr'>mate</span> <span class='ocrx_word' id='word_1_89' title='bbox 238 806 472 848; x_wconf 87' lang='lat' dir='ltr'>mentiaris</span> <span class='ocrx_word' id='word_1_90' title='bbox 516 805 627 847; x_wconf 88' lang='lat' dir='ltr'>unde</span> <span class='ocrx_word' id='word_1_91' title='bbox 653 806 729 847; x_wconf 86' lang='lat' dir='ltr'>illa</span> <span class='ocrx_word' id='word_1_92' title='bbox 755 806 1020 848; x_wconf 90' lang='lat' dir='ltr'>amnicorum</span> <span class='ocrx_word' id='word_1_93' title='bbox 1046 806 1230 861; x_wconf 84' lang='lat' dir='ltr'>piscium</span> <span class='ocrx_word' id='word_1_94' title='bbox 1251 805 1448 847; x_wconf 79' lang='lat' dir='ltr'>examina</span> 
     </span>
     <span class='ocr_line' id='line_1_18' title="bbox 97 865 1449 921; baseline -0.003 -13"><span class='ocrx_word' id='word_1_95' title='bbox 97 865 327 921; x_wconf 87' lang='lat' dir='ltr'>repperisti</span> <span class='ocrx_word' id='word_1_96' title='bbox 366 879 492 919; x_wconf 91' lang='lat' dir='ltr'>quam</span> <span class='ocrx_word' id='word_1_97' title='bbox 530 865 777 907; x_wconf 89' lang='lat' dir='ltr'>nominibus</span> <span class='ocrx_word' id='word_1_98' title='bbox 815 865 956 919; x_wconf 86' lang='lat' dir='ltr'>uaria,</span> <span class='ocrx_word' id='word_1_99' title='bbox 997 867 1090 907; x_wconf 89' lang='lat' dir='ltr'>tam</span> <span class='ocrx_word' id='word_1_100' title='bbox 1128 865 1363 918; x_wconf 86' lang='lat' dir='ltr'>coloribus,</span> <span class='ocrx_word' id='word_1_101' title='bbox 1400 866 1449 905; x_wconf 91' lang='lat' dir='ltr'>ut</span> 
     </span>
     <span class='ocr_line' id='line_1_19' title="bbox 98 923 1447 980; baseline -0.003 -13"><span class='ocrx_word' id='word_1_102' title='bbox 98 924 394 980; x_wconf 81' lang='lat' dir='ltr'>magnitudine</span> <span class='ocrx_word' id='word_1_103' title='bbox 434 924 631 979; x_wconf 78' lang='lat' dir='ltr'>distanti,</span> <span class='ocrx_word' id='word_1_104' title='bbox 670 924 730 965; x_wconf 86' lang='lat' dir='ltr'>sic</span> <span class='ocrx_word' id='word_1_105' title='bbox 772 939 943 979; x_wconf 83' lang='lat' dir='ltr'>sapore,</span> <span class='ocrx_word' id='word_1_106' title='bbox 981 938 1089 979; x_wconf 88' lang='lat' dir='ltr'>quae</span> <span class='ocrx_word' id='word_1_107' title='bbox 1126 926 1174 965; x_wconf 93' lang='lat' dir='ltr'>tu</span> <span class='ocrx_word' id='word_1_108' title='bbox 1212 923 1447 978; x_wconf 86' lang='lat' dir='ltr'>pigmentis</span> 
     </span>
     <span class='ocr_line' id='line_1_20' title="bbox 97 982 1449 1037; baseline -0.002 -11"><span class='ocrx_word' id='word_1_109' title='bbox 97 985 224 1026; x_wconf 88' lang='lat' dir='ltr'>istius</span> <span class='ocrx_word' id='word_1_110' title='bbox 269 983 471 1026; x_wconf 83' lang='lat' dir='ltr'>carminis</span> <span class='ocrx_word' id='word_1_111' title='bbox 510 997 639 1037; x_wconf 87' lang='lat' dir='ltr'>supra</span> <span class='ocrx_word' id='word_1_112' title='bbox 675 985 855 1025; x_wconf 86' lang='lat' dir='ltr'>naturae</span> <span class='ocrx_word' id='word_1_113' title='bbox 895 983 1008 1025; x_wconf 88' lang='lat' dir='ltr'>dona</span> <span class='ocrx_word' id='word_1_114' title='bbox 1044 982 1231 1025; x_wconf 80' lang='lat' dir='ltr'>fucasti?</span> <span class='ocrx_word' id='word_1_115' title='bbox 1301 982 1449 1036; x_wconf 87' lang='lat' dir='ltr'>atquin</span> 
     </span>
     <span class='ocr_line' id='line_1_21' title="bbox 98 1041 1450 1097; baseline -0.002 -13"><span class='ocrx_word' id='word_1_116' title='bbox 98 1044 143 1085; x_wconf 89' lang='lat' dir='ltr'>in</span> <span class='ocrx_word' id='word_1_117' title='bbox 173 1043 259 1085; x_wconf 87' lang='lat' dir='ltr'>tuis</span> <span class='ocrx_word' id='word_1_118' title='bbox 292 1043 450 1084; x_wconf 86' lang='lat' dir='ltr'>mensis</span> <span class='ocrx_word' id='word_1_119' title='bbox 484 1057 610 1097; x_wconf 87' lang='lat' dir='ltr'>saepe</span> <span class='ocrx_word' id='word_1_120' title='bbox 637 1044 834 1084; x_wconf 90' lang='lat' dir='ltr'>uersatus</span> <span class='ocrx_word' id='word_1_121' title='bbox 861 1057 956 1084; x_wconf 88' lang='lat' dir='ltr'>cum</span> <span class='ocrx_word' id='word_1_122' title='bbox 982 1042 1185 1096; x_wconf 87' lang='lat' dir='ltr'>pleraque</span> <span class='ocrx_word' id='word_1_123' title='bbox 1213 1041 1310 1095; x_wconf 82' lang='lat' dir='ltr'>alia,</span> <span class='ocrx_word' id='word_1_124' title='bbox 1343 1054 1450 1095; x_wconf 86' lang='lat' dir='ltr'>quae</span> 
     </span>
     <span class='ocr_line' id='line_1_22' title="bbox 97 1101 1450 1156; baseline -0.003 -12"><span class='ocrx_word' id='word_1_125' title='bbox 97 1106 201 1144; x_wconf 85' lang='lat' dir='ltr'>tunc</span> <span class='ocrx_word' id='word_1_126' title='bbox 233 1102 277 1143; x_wconf 89' lang='lat' dir='ltr'>in</span> <span class='ocrx_word' id='word_1_127' title='bbox 309 1102 446 1156; x_wconf 90' lang='lat' dir='ltr'>pretio</span> <span class='ocrx_word' id='word_1_128' title='bbox 479 1104 617 1155; x_wconf 86' lang='lat' dir='ltr'>erant,</span> <span class='ocrx_word' id='word_1_129' title='bbox 657 1101 747 1143; x_wconf 91' lang='lat' dir='ltr'>esui</span> <span class='ocrx_word' id='word_1_130' title='bbox 780 1101 949 1144; x_wconf 86' lang='lat' dir='ltr'>obiecta</span> <span class='ocrx_word' id='word_1_131' title='bbox 980 1101 1177 1154; x_wconf 85' lang='lat' dir='ltr'>mirarer,</span> <span class='ocrx_word' id='word_1_132' title='bbox 1215 1114 1450 1155; x_wconf 91' lang='lat' dir='ltr'>numquam</span> 
     </span>
     <span class='ocr_line' id='line_1_23' title="bbox 98 1160 1450 1216; baseline -0.003 -13"><span class='ocrx_word' id='word_1_133' title='bbox 98 1162 180 1203; x_wconf 90' lang='lat' dir='ltr'>hoc</span> <span class='ocrx_word' id='word_1_134' title='bbox 214 1174 347 1216; x_wconf 89' lang='lat' dir='ltr'>genus</span> <span class='ocrx_word' id='word_1_135' title='bbox 379 1160 561 1215; x_wconf 90' lang='lat' dir='ltr'>piscium</span> <span class='ocrx_word' id='word_1_136' title='bbox 594 1160 865 1214; x_wconf 88' lang='lat' dir='ltr'>deprehendi.</span> <span class='ocrx_word' id='word_1_137' title='bbox 917 1160 1089 1215; x_wconf 87' lang='lat' dir='ltr'>quando</span> <span class='ocrx_word' id='word_1_138' title='bbox 1121 1160 1203 1201; x_wconf 89' lang='lat' dir='ltr'>tibi</span> <span class='ocrx_word' id='word_1_139' title='bbox 1234 1160 1279 1200; x_wconf 90' lang='lat' dir='ltr'>hi</span> <span class='ocrx_word' id='word_1_140' title='bbox 1310 1160 1450 1214; x_wconf 87' lang='lat' dir='ltr'>pisces</span> 
     </span>
     <span class='ocr_line' id='line_1_24' title="bbox 100 1216 1451 1273; baseline -0.002 -12"><span class='ocrx_word' id='word_1_141' title='bbox 100 1221 144 1262; x_wconf 92' lang='lat' dir='ltr'>in</span> <span class='ocrx_word' id='word_1_142' title='bbox 175 1220 288 1262; x_wconf 88' lang='lat' dir='ltr'>libro</span> <span class='ocrx_word' id='word_1_143' title='bbox 320 1219 412 1261; x_wconf 83' lang='lat' dir='ltr'>nati</span> <span class='ocrx_word' id='word_1_144' title='bbox 442 1221 551 1273; x_wconf 78' lang='lat' dir='ltr'>sunt,</span> <span class='ocrx_word' id='word_1_145' title='bbox 583 1220 655 1273; x_wconf 92' lang='lat' dir='ltr'>qui</span> <span class='ocrx_word' id='word_1_146' title='bbox 681 1219 727 1260; x_wconf 90' lang='lat' dir='ltr'>in</span> <span class='ocrx_word' id='word_1_147' title='bbox 752 1219 926 1261; x_wconf 87' lang='lat' dir='ltr'>ferculis</span> <span class='ocrx_word' id='word_1_148' title='bbox 951 1234 1039 1261; x_wconf 89' lang='lat' dir='ltr'>non</span> <span class='ocrx_word' id='word_1_149' title='bbox 1065 1219 1268 1260; x_wconf 75' lang='lat' dir='ltr'>fuerunt?</span> <span class='ocrx_word' id='word_1_150' title='bbox 1318 1216 1451 1259; x_wconf 88' lang='lat' dir='ltr'>iocari</span> 
     </span>
     <span class='ocr_line' id='line_1_25' title="bbox 99 1277 1451 1334; baseline -0.001 -14"><span class='ocrx_word' id='word_1_151' title='bbox 99 1294 168 1321; x_wconf 90' lang='lat' dir='ltr'>me</span> <span class='ocrx_word' id='word_1_152' title='bbox 211 1281 339 1334; x_wconf 86' lang='lat' dir='ltr'>putas</span> <span class='ocrx_word' id='word_1_153' title='bbox 384 1281 510 1333; x_wconf 90' lang='lat' dir='ltr'>atque</span> <span class='ocrx_word' id='word_1_154' title='bbox 551 1292 676 1334; x_wconf 85' lang='lat' dir='ltr'>agere</span> <span class='ocrx_word' id='word_1_155' title='bbox 714 1279 883 1333; x_wconf 64' lang='lat' dir='ltr'>nugas]&gt;</span> <span class='ocrx_word' id='word_1_156' title='bbox 951 1279 1013 1320; x_wconf 89' lang='lat' dir='ltr'>ita</span> <span class='ocrx_word' id='word_1_157' title='bbox 1052 1278 1154 1320; x_wconf 88' lang='lat' dir='ltr'>deus</span> <span class='ocrx_word' id='word_1_158' title='bbox 1193 1292 1260 1318; x_wconf 92' lang='lat' dir='ltr'>me</span> <span class='ocrx_word' id='word_1_159' title='bbox 1297 1277 1451 1332; x_wconf 85' lang='lat' dir='ltr'>proba-</span> 
     </span>
    </p>
   </div>
   <div class='ocr_carea' id='block_1_7' title="bbox 100 1357 384 1363">
    <p class='ocr_par' dir='ltr' id='par_1_7' title="bbox 100 1357 384 1363">
     <span class='ocr_line' id='line_1_26' title="bbox 100 1357 384 1363; baseline 0 0"><span class='ocrx_word' id='word_1_160' title='bbox 100 1357 384 1363; x_wconf 95' lang='lat' dir='ltr'> </span> 
     </span>
    </p>
   </div>
   <div class='ocr_carea' id='block_1_8' title="bbox 98 1382 1455 2327">
    <p class='ocr_par' dir='ltr' id='par_1_8' title="bbox 98 1382 1452 1853">
     <span class='ocr_line' id='line_1_27' title="bbox 197 1382 1452 1428; baseline -0.002 -10"><span class='ocrx_word' id='word_1_161' title='bbox 197 1388 238 1418; x_wconf 84' lang='lat'>15</span> <span class='ocrx_word' id='word_1_162' title='bbox 266 1383 319 1428; x_wconf 87' lang='lat' dir='ltr'>et]</span> <span class='ocrx_word' id='word_1_163' title='bbox 348 1383 408 1427; x_wconf 87' lang='lat' dir='ltr'>egi</span> <span class='ocrx_word' id='word_1_164' title='bbox 437 1382 473 1416; x_wconf 93' lang='lat' dir='ltr'><em>P</em></span> <span class='ocrx_word' id='word_1_165' title='bbox 497 1394 565 1427; x_wconf 89' lang='lat' dir='ltr'>ego</span> <span class='ocrx_word' id='word_1_166' title='bbox 598 1382 809 1417; x_wconf 72' lang='lat' dir='ltr'>lVouweren</span> <span class='ocrx_word' id='word_1_167' title='bbox 926 1387 968 1417; x_wconf 83' lang='lat'>16</span> <span class='ocrx_word' id='word_1_168' title='bbox 994 1382 1176 1417; x_wconf 89' lang='lat' dir='ltr'>indictum</span> <span class='ocrx_word' id='word_1_169' title='bbox 1200 1382 1237 1417; x_wconf 90' lang='lat' dir='ltr'><em>B</em></span> <span class='ocrx_word' id='word_1_170' title='bbox 1259 1382 1264 1428; x_wconf 93' lang='grc' dir='ltr'>Ι</span> <span class='ocrx_word' id='word_1_171' title='bbox 1288 1382 1452 1416; x_wconf 85' lang='lat' dir='ltr'>archana</span> 
     </span>
     <span class='ocr_line' id='line_1_28' title="bbox 98 1429 1448 1475; baseline -0.001 -10"><span class='ocrx_word' id='word_1_172' title='bbox 98 1430 178 1465; x_wconf 89' lang='lat' dir='ltr'>BL</span> <span class='ocrx_word' id='word_1_173' title='bbox 277 1434 318 1465; x_wconf 84' lang='lat'>17</span> <span class='ocrx_word' id='word_1_174' title='bbox 347 1430 451 1475; x_wconf 85' lang='lat' dir='ltr'>quid]</span> <span class='ocrx_word' id='word_1_175' title='bbox 480 1430 578 1474; x_wconf 88' lang='lat' dir='ltr'>quod</span> <span class='ocrx_word' id='word_1_176' title='bbox 604 1429 695 1464; x_wconf 76' lang='lat' dir='ltr'>BSL</span> <span class='ocrx_word' id='word_1_177' title='bbox 795 1434 838 1465; x_wconf 82' lang='lat'>18</span> <span class='ocrx_word' id='word_1_178' title='bbox 864 1429 1024 1464; x_wconf 85' lang='lat' dir='ltr'>iudicari</span> <span class='ocrx_word' id='word_1_179' title='bbox 1048 1430 1084 1464; x_wconf 93' lang='lat' dir='ltr'><em>B</em></span> <span class='ocrx_word' id='word_1_180' title='bbox 1107 1432 1111 1473; x_wconf 97' lang='grc' dir='ltr'>Ι</span> <span class='ocrx_word' id='word_1_181' title='bbox 1141 1429 1352 1464; x_wconf 82' lang='lat' dir='ltr'>ammiratio</span> <span class='ocrx_word' id='word_1_182' title='bbox 1378 1429 1414 1464; x_wconf 93' lang='lat' dir='ltr'><em>B</em></span> <span class='ocrx_word' id='word_1_183' title='bbox 1445 1430 1448 1474; x_wconf 89' lang='grc' dir='ltr'>Ι</span> 
     </span>
     <span class='ocr_line' id='line_1_29' title="bbox 99 1475 1451 1522; baseline -0.003 -9"><span class='ocrx_word' id='word_1_184' title='bbox 99 1479 247 1522; x_wconf 82' lang='lat' dir='ltr'>franget</span> <span class='ocrx_word' id='word_1_185' title='bbox 273 1478 307 1511; x_wconf 91' lang='lat' dir='ltr'><em>L</em></span> <span class='ocrx_word' id='word_1_186' title='bbox 403 1481 448 1512; x_wconf 84' lang='lat'>20</span> <span class='ocrx_word' id='word_1_187' title='bbox 474 1476 698 1521; x_wconf 88' lang='lat' dir='ltr'>principium</span> <span class='ocrx_word' id='word_1_188' title='bbox 724 1476 757 1510; x_wconf 93' lang='lat' dir='ltr'><em>L</em></span> <span class='ocrx_word' id='word_1_189' title='bbox 785 1478 790 1521; x_wconf 93' lang='grc' dir='ltr'>Ι</span> <span class='ocrx_word' id='word_1_190' title='bbox 824 1477 899 1511; x_wconf 78' lang='lat' dir='ltr'>iam</span> <span class='ocrx_word' id='word_1_191' title='bbox 933 1477 1039 1521; x_wconf 82' lang='lat' dir='ltr'>signa</span> <span class='ocrx_word' id='word_1_192' title='bbox 1064 1477 1209 1522; x_wconf 89' lang='lat' dir='ltr'>pridem</span> <span class='ocrx_word' id='word_1_193' title='bbox 1237 1477 1271 1513; x_wconf 95' lang='lat' dir='ltr'><strong><em>G</em></strong></span> <span class='ocrx_word' id='word_1_194' title='bbox 1299 1481 1303 1520; x_wconf 95' lang='grc' dir='ltr'>Ι</span> <span class='ocrx_word' id='word_1_195' title='bbox 1338 1475 1451 1511; x_wconf 89' lang='lat' dir='ltr'>comi-</span> 
     </span>
     <span class='ocr_line' id='line_1_30' title="bbox 99 1523 1451 1571; baseline -0.002 -11"><span class='ocrx_word' id='word_1_196' title='bbox 99 1525 216 1571; x_wconf 84' lang='lat' dir='ltr'>tarer]</span> <span class='ocrx_word' id='word_1_197' title='bbox 247 1526 314 1560; x_wconf 68' lang='lat' dir='ltr'>litt.</span> <span class='ocrx_word' id='word_1_198' title='bbox 349 1523 488 1559; x_wconf 84' lang='lat' dir='ltr'>comita</span> <span class='ocrx_word' id='word_1_199' title='bbox 512 1526 553 1559; x_wconf 72' lang='lat' dir='ltr'>in</span> <span class='ocrx_word' id='word_1_200' title='bbox 578 1534 649 1559; x_wconf 81' lang='lat' dir='ltr'>ras.</span> <span class='ocrx_word' id='word_1_201' title='bbox 677 1524 728 1558; x_wconf 66' lang='lat' dir='ltr'>Rs</span> <span class='ocrx_word' id='word_1_202' title='bbox 825 1527 867 1558; x_wconf 84' lang='lat'>21</span> <span class='ocrx_word' id='word_1_203' title='bbox 902 1525 1015 1570; x_wconf 88' lang='lat' dir='ltr'>hunc]</span> <span class='ocrx_word' id='word_1_204' title='bbox 1048 1536 1144 1559; x_wconf 88' lang='lat' dir='ltr'>nunc</span> <span class='ocrx_word' id='word_1_205' title='bbox 1170 1524 1205 1558; x_wconf 91' lang='lat' dir='ltr'><em>L</em></span> <span class='ocrx_word' id='word_1_206' title='bbox 1235 1526 1239 1569; x_wconf 94' lang='grc' dir='ltr'>Ι</span> <span class='ocrx_word' id='word_1_207' title='bbox 1273 1525 1315 1559; x_wconf 91' lang='lat' dir='ltr'>tu</span> <span class='ocrx_word' id='word_1_208' title='bbox 1341 1523 1451 1568; x_wconf 89' lang='lat' dir='ltr'>mihi]</span> 
     </span>
     <span class='ocr_line' id='line_1_31' title="bbox 99 1571 1451 1616; baseline -0.001 -9"><span class='ocrx_word' id='word_1_209' title='bbox 99 1572 192 1608; x_wconf 90' lang='lat' dir='ltr'>mihi</span> <span class='ocrx_word' id='word_1_210' title='bbox 223 1573 278 1616; x_wconf 89' lang='lat' dir='ltr'>(tu</span> <span class='ocrx_word' id='word_1_211' title='bbox 309 1573 391 1616; x_wconf 84' lang='lat' dir='ltr'>om.)</span> <span class='ocrx_word' id='word_1_212' title='bbox 416 1571 473 1606; x_wconf 79' lang='lat' dir='ltr'>L?</span> <span class='ocrx_word' id='word_1_213' title='bbox 501 1575 505 1614; x_wconf 99' lang='grc' dir='ltr'>Ι</span> <span class='ocrx_word' id='word_1_214' title='bbox 536 1571 726 1616; x_wconf 88' lang='lat' dir='ltr'>inprouiso</span> <span class='ocrx_word' id='word_1_215' title='bbox 755 1571 789 1606; x_wconf 94' lang='lat' dir='ltr'><strong><em>G</em></strong></span> <span class='ocrx_word' id='word_1_216' title='bbox 886 1575 929 1605; x_wconf 93' lang='grc'>22</span> <span class='ocrx_word' id='word_1_217' title='bbox 956 1571 1033 1606; x_wconf 85' lang='lat' dir='ltr'>nilo</span> <span class='ocrx_word' id='word_1_218' title='bbox 1061 1571 1178 1606; x_wconf 61' lang='grc' dir='ltr'>ωΓΙ*Ἴ</span> <span class='ocrx_word' id='word_1_219' title='bbox 1205 1572 1352 1606; x_wconf 87' lang='lat' dir='ltr'>melone</span> <span class='ocrx_word' id='word_1_220' title='bbox 1378 1571 1451 1606; x_wconf 88' lang='grc' dir='ltr'>ΡΦ</span> 
     </span>
     <span class='ocr_line' id='line_1_32' title="bbox 100 1617 1451 1665; baseline -0.002 -10"><span class='ocrx_word' id='word_1_221' title='bbox 100 1620 145 1663; x_wconf 83' lang='lat' dir='ltr'>cf.</span> <span class='ocrx_word' id='word_1_222' title='bbox 161 1620 320 1655; x_wconf 78' lang='lat' dir='ltr'>Ausonii</span> <span class='ocrx_word' id='word_1_223' title='bbox 340 1630 392 1663; x_wconf 77' lang='lat' dir='ltr'>ep</span> <span class='ocrx_word' id='word_1_224' title='bbox 408 1619 677 1664; x_wconf 81' lang='grc' dir='ltr'><em>ΙΙΙΙ[393]</em></span> <span class='ocrx_word' id='word_1_225' title='bbox 658 1634 669 1654; x_wconf 72' lang='grc' dir='ltr'><em>ι</em></span> <span class='ocrx_word' id='word_1_226' title='bbox 681 1622 702 1653; x_wconf 89' lang='grc'><strong><em>5</em></strong></span> <span class='ocrx_word' id='word_1_227' title='bbox 765 1623 809 1653; x_wconf 88' lang='grc'>23</span> <span class='ocrx_word' id='word_1_228' title='bbox 826 1619 1009 1665; x_wconf 81' lang='lat' dir='ltr'>scythico]</span> <span class='ocrx_word' id='word_1_229' title='bbox 1025 1619 1165 1663; x_wconf 86' lang='lat' dir='ltr'>scytico</span> <span class='ocrx_word' id='word_1_230' title='bbox 1183 1619 1259 1653; x_wconf 92' lang='lat' dir='ltr'>PB</span> <span class='ocrx_word' id='word_1_231' title='bbox 1275 1618 1404 1653; x_wconf 83' lang='lat' dir='ltr'>scitico</span> <span class='ocrx_word' id='word_1_232' title='bbox 1416 1617 1451 1652; x_wconf 88' lang='lat' dir='ltr'><strong><em>L</em></strong></span> 
     </span>
     <span class='ocr_line' id='line_1_33' title="bbox 100 1664 1451 1723; baseline -0.003 -21"><span class='ocrx_word' id='word_1_233' title='bbox 100 1666 246 1723; x_wconf 75' lang='lat' dir='ltr'>scythio</span> <span class='ocrx_word' id='word_1_234' title='bbox 276 1667 309 1702; x_wconf 97' lang='lat' dir='ltr'><strong><em>G</em></strong></span> <span class='ocrx_word' id='word_1_235' title='bbox 331 1668 336 1710; x_wconf 95' lang='grc' dir='ltr'>Ι</span> <span class='ocrx_word' id='word_1_236' title='bbox 364 1665 494 1701; x_wconf 84' lang='lat' dir='ltr'>thanai</span> <span class='ocrx_word' id='word_1_237' title='bbox 518 1665 553 1700; x_wconf 89' lang='lat' dir='ltr'><em>L</em></span> <span class='ocrx_word' id='word_1_238' title='bbox 576 1668 580 1710; x_wconf 92' lang='grc' dir='ltr'>Ι</span> <span class='ocrx_word' id='word_1_239' title='bbox 608 1665 752 1712; x_wconf 69' lang='lat' dir='ltr'>nostro]</span> <span class='ocrx_word' id='word_1_240' title='bbox 780 1678 848 1701; x_wconf 91' lang='lat' dir='ltr'>uro</span> <span class='ocrx_word' id='word_1_241' title='bbox 875 1667 910 1700; x_wconf 94' lang='lat' dir='ltr'><em>B</em></span> <span class='ocrx_word' id='word_1_242' title='bbox 933 1670 937 1710; x_wconf 93' lang='grc' dir='ltr'>Ι</span> <span class='ocrx_word' id='word_1_243' title='bbox 960 1666 1132 1711; x_wconf 85' lang='lat' dir='ltr'>populari</span> <span class='ocrx_word' id='word_1_244' title='bbox 1160 1666 1193 1701; x_wconf 91' lang='lat' dir='ltr'><strong><em>G</em></strong></span> <span class='ocrx_word' id='word_1_245' title='bbox 1218 1666 1347 1711; x_wconf 83' lang='lat' dir='ltr'>populi</span> <span class='ocrx_word' id='word_1_246' title='bbox 1372 1664 1451 1699; x_wconf 89' lang='lat' dir='ltr'>BL</span> 
     </span>
     <span class='ocr_line' id='line_1_34' title="bbox 100 1710 1448 1759; baseline -0.002 -10"><span class='ocrx_word' id='word_1_247' title='bbox 100 1710 231 1759; x_wconf 87' lang='lat' dir='ltr'>(popli</span> <span class='ocrx_word' id='word_1_248' title='bbox 253 1714 304 1759; x_wconf 92' lang='lat' dir='ltr'>B)</span> <span class='ocrx_word' id='word_1_249' title='bbox 327 1716 332 1758; x_wconf 96' lang='grc' dir='ltr'>Ι</span> <span class='ocrx_word' id='word_1_250' title='bbox 353 1713 465 1749; x_wconf 88' lang='lat' dir='ltr'>tiberi</span> <span class='ocrx_word' id='word_1_251' title='bbox 491 1727 518 1748; x_wconf 88' lang='grc' dir='ltr'><em>ω</em></span> <span class='ocrx_word' id='word_1_252' title='bbox 545 1713 681 1758; x_wconf 85' lang='lat' dir='ltr'>(tyberi</span> <span class='ocrx_word' id='word_1_253' title='bbox 699 1713 748 1757; x_wconf 85' lang='lat' dir='ltr'>B)</span> <span class='ocrx_word' id='word_1_254' title='bbox 775 1713 899 1748; x_wconf 89' lang='lat' dir='ltr'>fucino</span> <span class='ocrx_word' id='word_1_255' title='bbox 927 1725 947 1748; x_wconf 85' lang='lat'>6</span> <span class='ocrx_word' id='word_1_256' title='bbox 972 1714 1038 1749; x_wconf 80' lang='lat' dir='ltr'>del.</span> <span class='ocrx_word' id='word_1_257' title='bbox 1060 1715 1212 1749; x_wconf 71' lang='lat' dir='ltr'>Iuratus</span> <span class='ocrx_word' id='word_1_258' title='bbox 1296 1717 1341 1748; x_wconf 83' lang='grc'>24</span> <span class='ocrx_word' id='word_1_259' title='bbox 1366 1712 1448 1747; x_wconf 90' lang='lat' dir='ltr'>red-</span> 
     </span>
     <span class='ocr_line' id='line_1_35' title="bbox 101 1760 1449 1814; baseline -0.002 -18"><span class='ocrx_word' id='word_1_260' title='bbox 101 1761 189 1796; x_wconf 86' lang='lat' dir='ltr'>disti</span> <span class='ocrx_word' id='word_1_261' title='bbox 215 1761 249 1796; x_wconf 92' lang='lat' dir='ltr'><strong><em>G</em></strong></span> <span class='ocrx_word' id='word_1_262' title='bbox 282 1764 286 1804; x_wconf 93' lang='grc' dir='ltr'>Ι</span> <span class='ocrx_word' id='word_1_263' title='bbox 321 1760 501 1796; x_wconf 83' lang='lat' dir='ltr'>mosollae</span> <span class='ocrx_word' id='word_1_264' title='bbox 528 1761 562 1796; x_wconf 91' lang='lat' dir='ltr'><strong><em>G</em></strong></span> <span class='ocrx_word' id='word_1_265' title='bbox 596 1761 775 1796; x_wconf 84' lang='lat' dir='ltr'>musellae</span> <span class='ocrx_word' id='word_1_266' title='bbox 801 1761 888 1795; x_wconf 81' lang='lat' dir='ltr'>libri</span> <span class='ocrx_word' id='word_1_267' title='bbox 912 1760 1131 1814; x_wconf 58' lang='lat' dir='ltr'>Scioppiani</span> <span class='ocrx_word' id='word_1_268' title='bbox 1157 1761 1218 1804; x_wconf 84' lang='lat' dir='ltr'>(cf.</span> <span class='ocrx_word' id='word_1_269' title='bbox 1245 1760 1449 1796; x_wconf 74' lang='lat' dir='ltr'>Fortunati</span> 
     </span>
     <span class='ocr_line' id='line_1_36' title="bbox 101 1808 1452 1853; baseline -0.001 -10"><span class='ocrx_word' id='word_1_270' title='bbox 101 1809 185 1843; x_wconf 89' lang='lat' dir='ltr'>III</span> <span class='ocrx_word' id='word_1_271' title='bbox 209 1812 336 1844; x_wconf 57' lang='lat'><strong><em>1213</em></strong></span> <span class='ocrx_word' id='word_1_272' title='bbox 364 1809 405 1842; x_wconf 91' lang='grc' dir='ltr'><em>Χ</em></span> <span class='ocrx_word' id='word_1_273' title='bbox 423 1811 461 1852; x_wconf 84' lang='lat'>9)</span> <span class='ocrx_word' id='word_1_274' title='bbox 536 1811 580 1843; x_wconf 81' lang='lat'>25</span> <span class='ocrx_word' id='word_1_275' title='bbox 607 1808 646 1843; x_wconf 90' lang='lat' dir='ltr'>ni</span> <span class='ocrx_word' id='word_1_276' title='bbox 671 1808 803 1843; x_wconf 79' lang='lat' dir='ltr'>sciiem</span> <span class='ocrx_word' id='word_1_277' title='bbox 830 1822 857 1842; x_wconf 87' lang='grc' dir='ltr'><em>ω</em></span> <span class='ocrx_word' id='word_1_278' title='bbox 883 1808 922 1842; x_wconf 85' lang='lat' dir='ltr'>ni</span> <span class='ocrx_word' id='word_1_279' title='bbox 948 1809 1019 1852; x_wconf 76' lang='lat' dir='ltr'>(uel</span> <span class='ocrx_word' id='word_1_280' title='bbox 1042 1809 1127 1853; x_wconf 85' lang='lat' dir='ltr'>nisi)</span> <span class='ocrx_word' id='word_1_281' title='bbox 1154 1811 1254 1843; x_wconf 83' lang='lat' dir='ltr'>certo</span> <span class='ocrx_word' id='word_1_282' title='bbox 1280 1808 1410 1843; x_wconf 84' lang='lat' dir='ltr'>scirem</span> <span class='ocrx_word' id='word_1_283' title='bbox 1432 1819 1452 1841; x_wconf 89' lang='grc' dir='ltr'><strong>σ</strong></span> 
     </span>
    </p>

    <p class='ocr_par' dir='ltr' id='par_1_9' title="bbox 100 1854 1450 2137">
     <span class='ocr_line' id='line_1_37' title="bbox 149 1854 1450 1901; baseline -0.002 -11"><span class='ocrx_word' id='word_1_284' title='bbox 149 1859 194 1890; x_wconf 87' lang='grc'>26</span> <span class='ocrx_word' id='word_1_285' title='bbox 221 1856 464 1901; x_wconf 84' lang='lat' dir='ltr'>amnicorum]</span> <span class='ocrx_word' id='word_1_286' title='bbox 493 1855 696 1890; x_wconf 85' lang='lat' dir='ltr'>amicorum</span> <span class='ocrx_word' id='word_1_287' title='bbox 720 1854 800 1890; x_wconf 90' lang='lat' dir='ltr'>GP</span> <span class='ocrx_word' id='word_1_288' title='bbox 826 1855 901 1899; x_wconf 81' lang='lat' dir='ltr'>(secl</span> <span class='ocrx_word' id='word_1_289' title='bbox 925 1866 969 1890; x_wconf 83' lang='lat' dir='ltr'>ss.</span> <span class='ocrx_word' id='word_1_290' title='bbox 996 1857 1225 1890; x_wconf 88' lang='lat' dir='ltr'>amnicorum</span> <span class='ocrx_word' id='word_1_291' title='bbox 1249 1856 1296 1899; x_wconf 91' lang='lat' dir='ltr'>G)</span> <span class='ocrx_word' id='word_1_292' title='bbox 1323 1865 1450 1889; x_wconf 84' lang='lat' dir='ltr'>amnes</span> 
     </span>
     <span class='ocr_line' id='line_1_38' title="bbox 101 1901 1448 1949; baseline -0.001 -12"><span class='ocrx_word' id='word_1_293' title='bbox 101 1903 135 1938; x_wconf 91' lang='lat' dir='ltr'><em>L</em></span> <span class='ocrx_word' id='word_1_294' title='bbox 171 1904 176 1948; x_wconf 93' lang='grc' dir='ltr'>Ι</span> <span class='ocrx_word' id='word_1_295' title='bbox 211 1903 395 1949; x_wconf 80' lang='lat' dir='ltr'>examina]</span> <span class='ocrx_word' id='word_1_296' title='bbox 434 1903 587 1948; x_wconf 86' lang='lat' dir='ltr'>agmina</span> <span class='ocrx_word' id='word_1_297' title='bbox 612 1903 649 1938; x_wconf 91' lang='lat' dir='ltr'><em>B</em></span> <span class='ocrx_word' id='word_1_298' title='bbox 769 1907 813 1938; x_wconf 84' lang='grc'>27</span> <span class='ocrx_word' id='word_1_299' title='bbox 846 1903 1043 1948; x_wconf 85' lang='lat' dir='ltr'>repperisti</span> <span class='ocrx_word' id='word_1_300' title='bbox 1075 1903 1108 1938; x_wconf 89' lang='lat' dir='ltr'><strong><em>G</em></strong></span> <span class='ocrx_word' id='word_1_301' title='bbox 1139 1902 1311 1948; x_wconf 82' lang='lat' dir='ltr'>reperisti</span> <span class='ocrx_word' id='word_1_302' title='bbox 1336 1901 1415 1937; x_wconf 91' lang='lat' dir='ltr'>BL</span> <span class='ocrx_word' id='word_1_303' title='bbox 1445 1902 1448 1947; x_wconf 93' lang='grc' dir='ltr'>Ι</span> 
     </span>
     <span class='ocr_line' id='line_1_39' title="bbox 103 1949 1450 1997; baseline -0.001 -12"><span class='ocrx_word' id='word_1_304' title='bbox 103 1951 231 1996; x_wconf 87' lang='lat' dir='ltr'>quam]</span> <span class='ocrx_word' id='word_1_305' title='bbox 259 1962 332 1995; x_wconf 85' lang='lat' dir='ltr'>qua</span> <span class='ocrx_word' id='word_1_306' title='bbox 356 1951 391 1985; x_wconf 95' lang='lat' dir='ltr'><em>L</em></span> <span class='ocrx_word' id='word_1_307' title='bbox 418 1962 512 1993; x_wconf 85' lang='lat' dir='ltr'>quae</span> <span class='ocrx_word' id='word_1_308' title='bbox 540 1962 560 1985; x_wconf 91' lang='grc' dir='ltr'>σ</span> <span class='ocrx_word' id='word_1_309' title='bbox 587 1950 592 1997; x_wconf 90' lang='grc' dir='ltr'>Ι</span> <span class='ocrx_word' id='word_1_310' title='bbox 626 1950 731 1984; x_wconf 87' lang='lat' dir='ltr'>uaria</span> <span class='ocrx_word' id='word_1_311' title='bbox 755 1951 849 1996; x_wconf 89' lang='lat' dir='ltr'>tam]</span> <span class='ocrx_word' id='word_1_312' title='bbox 876 1950 1077 1985; x_wconf 82' lang='lat' dir='ltr'>uariatam:</span> <span class='ocrx_word' id='word_1_313' title='bbox 1104 1952 1121 1984; x_wconf 90' lang='lat' dir='ltr'>t</span> <span class='ocrx_word' id='word_1_314' title='bbox 1145 1951 1187 1985; x_wconf 79' lang='lat' dir='ltr'>in</span> <span class='ocrx_word' id='word_1_315' title='bbox 1211 1961 1283 1985; x_wconf 81' lang='lat' dir='ltr'>ras.</span> <span class='ocrx_word' id='word_1_316' title='bbox 1314 1949 1362 1985; x_wconf 60' lang='grc' dir='ltr'>ΘΞ</span> <span class='ocrx_word' id='word_1_317' title='bbox 1388 1961 1450 1984; x_wconf 90' lang='lat' dir='ltr'>ua-</span> 
     </span>
     <span class='ocr_line' id='line_1_40' title="bbox 100 1996 1450 2042; baseline 0 -11"><span class='ocrx_word' id='word_1_318' title='bbox 100 1997 199 2032; x_wconf 79' lang='lat' dir='ltr'>riata</span> <span class='ocrx_word' id='word_1_319' title='bbox 222 1997 329 2032; x_wconf 77' lang='lat' dir='ltr'>BLa</span> <span class='ocrx_word' id='word_1_320' title='bbox 438 2002 482 2033; x_wconf 90' lang='grc'>28</span> <span class='ocrx_word' id='word_1_321' title='bbox 509 1998 664 2033; x_wconf 85' lang='lat' dir='ltr'>distanti</span> <span class='ocrx_word' id='word_1_322' title='bbox 693 1998 726 2033; x_wconf 93' lang='lat' dir='ltr'><strong><em>G</em></strong></span> <span class='ocrx_word' id='word_1_323' title='bbox 750 1998 928 2033; x_wconf 82' lang='lat' dir='ltr'>distantia</span> <span class='ocrx_word' id='word_1_324' title='bbox 953 1997 1059 2033; x_wconf 74' lang='lat' dir='ltr'>BLa</span> <span class='ocrx_word' id='word_1_325' title='bbox 1080 2000 1085 2040; x_wconf 94' lang='grc' dir='ltr'>Ι</span> <span class='ocrx_word' id='word_1_326' title='bbox 1108 2007 1235 2042; x_wconf 88' lang='lat' dir='ltr'>sapere</span> <span class='ocrx_word' id='word_1_327' title='bbox 1261 1996 1297 2031; x_wconf 94' lang='lat' dir='ltr'><em>L</em></span> <span class='ocrx_word' id='word_1_328' title='bbox 1407 2000 1450 2031; x_wconf 84' lang='grc'>29</span> 
     </span>
     <span class='ocr_line' id='line_1_41' title="bbox 101 2044 1450 2092; baseline -0.001 -13"><span class='ocrx_word' id='word_1_329' title='bbox 101 2044 226 2091; x_wconf 87' lang='lat' dir='ltr'>istius]</span> <span class='ocrx_word' id='word_1_330' title='bbox 252 2045 360 2079; x_wconf 87' lang='lat' dir='ltr'>huius</span> <span class='ocrx_word' id='word_1_331' title='bbox 380 2045 416 2079; x_wconf 90' lang='lat' dir='ltr'><em>B</em></span> <span class='ocrx_word' id='word_1_332' title='bbox 439 2045 443 2092; x_wconf 89' lang='grc' dir='ltr'>Ι</span> <span class='ocrx_word' id='word_1_333' title='bbox 466 2044 606 2090; x_wconf 84' lang='lat' dir='ltr'>fugasti</span> <span class='ocrx_word' id='word_1_334' title='bbox 630 2044 728 2091; x_wconf 73' lang='lat' dir='ltr'>Vyol</span> <span class='ocrx_word' id='word_1_335' title='bbox 753 2046 757 2091; x_wconf 89' lang='grc' dir='ltr'>Ι</span> <span class='ocrx_word' id='word_1_336' title='bbox 780 2045 910 2089; x_wconf 84' lang='lat' dir='ltr'>atquin</span> <span class='ocrx_word' id='word_1_337' title='bbox 931 2059 958 2079; x_wconf 89' lang='grc' dir='ltr'><strong>ω</strong></span> <span class='ocrx_word' id='word_1_338' title='bbox 987 2045 1091 2088; x_wconf 87' lang='lat' dir='ltr'>atqui</span> <span class='ocrx_word' id='word_1_339' title='bbox 1117 2057 1137 2079; x_wconf 84' lang='lat'><em>6</em></span> <span class='ocrx_word' id='word_1_340' title='bbox 1234 2048 1276 2079; x_wconf 91' lang='grc'>31</span> <span class='ocrx_word' id='word_1_341' title='bbox 1304 2044 1450 2089; x_wconf 82' lang='lat' dir='ltr'>praetio</span> 
     </span>
     <span class='ocr_line' id='line_1_42' title="bbox 105 2091 1449 2137; baseline -0.001 -10"><span class='ocrx_word' id='word_1_342' title='bbox 105 2092 139 2127; x_wconf 87' lang='lat' dir='ltr'><strong><em>G</em></strong></span> <span class='ocrx_word' id='word_1_343' title='bbox 163 2092 287 2137; x_wconf 87' lang='lat' dir='ltr'>precio</span> <span class='ocrx_word' id='word_1_344' title='bbox 313 2092 391 2126; x_wconf 92' lang='lat' dir='ltr'>BL</span> <span class='ocrx_word' id='word_1_345' title='bbox 417 2093 603 2136; x_wconf 82' lang='lat' dir='ltr'>praetorio</span> <span class='ocrx_word' id='word_1_346' title='bbox 629 2105 650 2127; x_wconf 90' lang='grc' dir='ltr'>σ</span> <span class='ocrx_word' id='word_1_347' title='bbox 677 2094 682 2137; x_wconf 96' lang='grc' dir='ltr'>Ι</span> <span class='ocrx_word' id='word_1_348' title='bbox 713 2092 810 2127; x_wconf 82' lang='lat' dir='ltr'>essm&#39;</span> <span class='ocrx_word' id='word_1_349' title='bbox 838 2093 1005 2127; x_wconf 87' lang='lat' dir='ltr'>subiecta</span> <span class='ocrx_word' id='word_1_350' title='bbox 1033 2092 1066 2127; x_wconf 83' lang='lat' dir='ltr'><strong><em>G</em></strong></span> <span class='ocrx_word' id='word_1_351' title='bbox 1094 2092 1099 2137; x_wconf 93' lang='grc' dir='ltr'>Ι</span> <span class='ocrx_word' id='word_1_352' title='bbox 1129 2102 1319 2136; x_wconf 85' lang='lat' dir='ltr'>nunquam</span> <span class='ocrx_word' id='word_1_353' title='bbox 1349 2091 1449 2127; x_wconf 87' lang='lat' dir='ltr'>G‘?B</span> 
     </span>
    </p>

    <p class='ocr_par' dir='ltr' id='par_1_10' title="bbox 105 2139 1452 2233">
     <span class='ocr_line' id='line_1_43' title="bbox 151 2139 1451 2185; baseline -0.002 -11"><span class='ocrx_word' id='word_1_354' title='bbox 151 2143 194 2174; x_wconf 90' lang='grc'>32</span> <span class='ocrx_word' id='word_1_355' title='bbox 222 2139 380 2185; x_wconf 88' lang='lat' dir='ltr'>dependi</span> <span class='ocrx_word' id='word_1_356' title='bbox 411 2140 443 2176; x_wconf 88' lang='lat' dir='ltr'><strong><em>G</em></strong></span> <span class='ocrx_word' id='word_1_357' title='bbox 465 2142 469 2184; x_wconf 97' lang='grc' dir='ltr'>Ι</span> <span class='ocrx_word' id='word_1_358' title='bbox 492 2140 546 2174; x_wconf 89' lang='lat' dir='ltr'>hii</span> <span class='ocrx_word' id='word_1_359' title='bbox 565 2140 601 2174; x_wconf 95' lang='lat' dir='ltr'><em>B</em></span> <span class='ocrx_word' id='word_1_360' title='bbox 674 2143 718 2174; x_wconf 88' lang='lat'>33</span> <span class='ocrx_word' id='word_1_361' title='bbox 745 2140 834 2185; x_wconf 90' lang='lat' dir='ltr'>non]</span> <span class='ocrx_word' id='word_1_362' title='bbox 861 2150 927 2174; x_wconf 90' lang='lat' dir='ltr'>nec</span> <span class='ocrx_word' id='word_1_363' title='bbox 947 2140 981 2174; x_wconf 94' lang='lat' dir='ltr'><em>L</em></span> <span class='ocrx_word' id='word_1_364' title='bbox 1004 2142 1008 2184; x_wconf 95' lang='grc' dir='ltr'>Ι</span> <span class='ocrx_word' id='word_1_365' title='bbox 1031 2139 1146 2174; x_wconf 87' lang='lat' dir='ltr'>locari</span> <span class='ocrx_word' id='word_1_366' title='bbox 1166 2139 1199 2173; x_wconf 93' lang='lat' dir='ltr'><em>L</em></span> <span class='ocrx_word' id='word_1_367' title='bbox 1272 2143 1316 2174; x_wconf 77' lang='lat'>34</span> <span class='ocrx_word' id='word_1_368' title='bbox 1341 2141 1451 2182; x_wconf 78' lang='lat' dir='ltr'>putas</span> 
     </span>
     <span class='ocr_line' id='line_1_44' title="bbox 105 2185 1452 2233; baseline -0.002 -11"><span class='ocrx_word' id='word_1_369' title='bbox 105 2187 138 2222; x_wconf 91' lang='lat' dir='ltr'><strong><em>G</em></strong></span> <span class='ocrx_word' id='word_1_370' title='bbox 163 2188 270 2232; x_wconf 89' lang='lat' dir='ltr'>putes</span> <span class='ocrx_word' id='word_1_371' title='bbox 296 2187 373 2222; x_wconf 89' lang='lat' dir='ltr'>BL</span> <span class='ocrx_word' id='word_1_372' title='bbox 408 2188 412 2231; x_wconf 94' lang='grc' dir='ltr'>Ι</span> <span class='ocrx_word' id='word_1_373' title='bbox 447 2188 536 2222; x_wconf 87' lang='lat' dir='ltr'>deus</span> <span class='ocrx_word' id='word_1_374' title='bbox 558 2189 809 2233; x_wconf 83' lang='lat' dir='ltr'>..praestet</span> <span class='ocrx_word' id='word_1_375' title='bbox 835 2202 861 2222; x_wconf 90' lang='grc' dir='ltr'><em>ω</em></span> <span class='ocrx_word' id='word_1_376' title='bbox 890 2187 1073 2231; x_wconf 90' lang='lat' dir='ltr'>(dominus</span> <span class='ocrx_word' id='word_1_377' title='bbox 1099 2186 1133 2221; x_wconf 94' lang='lat' dir='ltr'><em>L</em></span> <span class='ocrx_word' id='word_1_378' title='bbox 1158 2188 1298 2231; x_wconf 85' lang='lat' dir='ltr'>prestet</span> <span class='ocrx_word' id='word_1_379' title='bbox 1326 2186 1373 2229; x_wconf 89' lang='lat' dir='ltr'>G)</span> <span class='ocrx_word' id='word_1_380' title='bbox 1400 2185 1452 2220; x_wconf 87' lang='lat' dir='ltr'>dii</span> 
     </span>
    </p>

    <p class='ocr_par' dir='ltr' id='par_1_11' title="bbox 107 2232 1455 2327">
     <span class='ocr_line' id='line_1_45' title="bbox 154 2232 1455 2280; baseline -0.002 -10.934"><span class='ocrx_word' id='word_1_381' title='bbox 154 2236 373 2279; x_wconf 82' lang='lat' dir='ltr'>‚praestent</span> <span class='ocrx_word' id='word_1_382' title='bbox 399 2247 419 2269; x_wconf 90' lang='grc' dir='ltr'>σ</span> <span class='ocrx_word' id='word_1_383' title='bbox 459 2238 463 2278; x_wconf 97' lang='grc' dir='ltr'>Ι</span> <span class='ocrx_word' id='word_1_384' title='bbox 503 2246 561 2270; x_wconf 89' lang='lat' dir='ltr'>me</span> <span class='ocrx_word' id='word_1_385' title='bbox 594 2239 677 2270; x_wconf 79' lang='lat' dir='ltr'>ante</span> <span class='ocrx_word' id='word_1_386' title='bbox 708 2234 797 2269; x_wconf 84' lang='lat' dir='ltr'>deus</span> <span class='ocrx_word' id='word_1_387' title='bbox 831 2235 862 2269; x_wconf 89' lang='lat' dir='ltr'><strong><em>G</em></strong></span> <span class='ocrx_word' id='word_1_388' title='bbox 893 2245 952 2269; x_wconf 86' lang='lat' dir='ltr'>me</span> <span class='ocrx_word' id='word_1_389' title='bbox 981 2238 1063 2280; x_wconf 79' lang='lat' dir='ltr'>post</span> <span class='ocrx_word' id='word_1_390' title='bbox 1093 2235 1195 2279; x_wconf 90' lang='lat' dir='ltr'>prob</span> <span class='ocrx_word' id='word_1_391' title='bbox 1222 2233 1304 2268; x_wconf 84' lang='lat' dir='ltr'>LF</span> <span class='ocrx_word' id='word_1_392' title='bbox 1335 2235 1389 2278; x_wconf 80' lang='lat' dir='ltr'>(m</span> <span class='ocrx_word' id='word_1_393' title='bbox 1416 2232 1455 2266; x_wconf 82' lang='lat' dir='ltr'><em>F</em></span> 
     </span>
     <span class='ocr_line' id='line_1_46' title="bbox 107 2262 515 2327; baseline 0 -12"><span class='ocrx_word' id='word_1_394' title='bbox 107 2262 279 2317; x_wconf 84' lang='lat' dir='ltr'>amabilis</span> <span class='ocrx_word' id='word_1_395' title='bbox 301 2293 371 2327; x_wconf 78' lang='lat' dir='ltr'>pro</span> <span class='ocrx_word' id='word_1_396' title='bbox 397 2281 515 2327; x_wconf 84' lang='lat' dir='ltr'>prob)</span> 
     </span>
    </p>
   </div>
  </div>
 </body>
</html>
