1563 2511
568 106 622 110 —
684 94 768 123 XIII
829 104 885 109 *—

57 190 210 244 quibus
255 184 549 230 Suetonianus‘
583 200 781 228 recensus
827 185 1165 239 continuaretur,
1217 187 1262 225 at
1305 184 1397 238 quis

55 250 157 303 post
188 246 342 288 Troica
373 246 484 287 ferat
515 244 753 300 Epitaphia
784 243 1041 298 posteriora,
1074 243 1124 284 de
1157 243 1312 298 quibus
1346 258 1400 284 ne

57 307 237 348 uerbum
276 304 446 359 quidem
483 305 529 345 in
566 303 847 357 praefatione,
885 305 933 343 ut
967 302 1029 342 nil
1061 302 1198 343 dicam
1230 302 1280 343 de
1313 302 1400 355 epi-

59 365 182 407 stulis
217 364 269 405 ad
294 363 476 405 Paulum
503 362 724 404 Theonem
743 361 971 403 Paulinum
992 360 1264 415 Hesperium,
1296 375 1400 415 quas

59 425 131 465 uix
168 423 249 464 tibi
288 422 547 476 persuadeas
586 422 630 462 in
661 420 958 462 Theodosiano
996 419 1130 460 fuisse
1170 420 1402 473 exemplari

58 483 203 524 lectas.
264 481 364 522 hinc
406 495 500 522 cum
542 494 705 521 errasse
744 493 811 520 me
851 478 1074 532 adpareat,
1117 492 1213 519 cum
1250 478 1403 520 relicta

61 556 85 582 a
116 542 245 595 poeta
276 540 427 581 haberi
459 540 505 580 in
535 538 603 580 his
636 538 854 580 codicibus
886 537 1089 591 dicerem,
1121 539 1267 578 tamen
1298 537 1405 578 haec

62 600 224 654 optime
267 599 330 639 ita
372 598 486 639 inter
530 612 573 639 se
613 597 884 649 conuenient,
929 596 966 637 si
1002 595 1206 650 pleraque
1245 610 1405 648 eorum,

63 672 170 712 quae
208 660 309 712 post
347 672 382 698 a.
414 657 500 698 390
539 658 826 710 accesserunt,
870 655 913 695 in
950 654 1033 695 fine
1071 654 1303 696 uoluminis
1337 654 1406 695 ad-

62 718 173 758 iecta
218 716 351 757 fuisse
389 715 637 770 putabimus
675 718 910 769 posteaque
949 713 1138 767 abreptis
1177 713 1264 754 illis
1306 728 1405 767 qua-

60 775 328 817 ternionibus
355 774 483 815 etiam
510 774 649 815 media
676 773 896 827 quaedam,
924 772 1075 813 solutis
1096 772 1278 813 uinculis
1301 786 1407 826 quae

65 833 316 887 exciderint,
361 833 592 874 accessisse
636 832 760 884 folia,
804 831 848 872 in
893 831 1047 885 quibus
1085 830 1408 872 Theodosianae

64 893 264 934 editionis
298 892 488 934 carmina
521 892 686 946 aliquot
717 890 956 944 perscripta
988 891 1126 944 erant3
1160 890 1273 930 inter
1301 904 1408 944 quae

63 952 146 993 fuit
178 954 220 992 et
245 949 411 1005 Cupido
440 953 482 991 et
509 949 806 1004 Ephemeridis
834 949 1044 1003 particula
1069 948 1161 1003 illa,
1194 963 1323 1002 quam
1357 948 1409 989 ad

64 1011 283 1052 notarium
321 1009 575 1063 inscriptam
614 1008 777 1063 posteri
810 1008 919 1048 inter
952 1008 1265 1061 epigrammata
1296 1009 1409 1048 retu-

66 1070 218 1110 lerunt.

155 1127 248 1168 Iam
282 1126 318 1167 si
345 1125 597 1180 Cupidinem
624 1125 840 1166 Ausonius
873 1124 1112 1165 subiecerat
1142 1124 1253 1165 libro
1284 1123 1411 1165 Eclo-

68 1183 268 1241 garum*)
317 1184 608 1238 Mosellaeque
657 1184 955 1237 praemiserat,
1004 1182 1133 1224 facile
1184 1182 1412 1237 suspiceris

69 1259 162 1286 eam
187 1245 395 1285 iacturam
422 1242 680 1297 praelusisse
707 1242 843 1283 multo
871 1241 1074 1297 gnauiori,
1105 1256 1232 1295 quam
1263 1244 1413 1295 postea

68 1304 195 1358 paulo
223 1303 388 1356 accepit
418 1302 687 1356 archetypus,
713 1316 808 1343 cum
830 1300 1145 1342 abalienaretur
1165 1300 1280 1341 istud
1302 1301 1412 1354 quod

71 1377 167 1404 eum
200 1361 441 1415 excipiebat
475 1360 799 1402 celeberrimum
832 1374 1003 1401 carmen
1035 1357 1266 1414 (Mosella).

158 1419 391 1462 Videamus
436 1420 523 1461 iam
565 1420 745 1460 alteram
783 1419 955 1460 turbam
1003 1418 1262 1471 carminum,
1308 1432 1415 1472 quae

71 1479 229 1520 Tiliani
257 1479 460 1520 sodalitas
488 1477 749 1531 circumfert,
781 1477 1119 1519 communium
1152 1491 1259 1518 cum
1287 1476 1417 1518 Vos-

74 1539 237 1592 siano,
265 1538 337 1579 sed
356 1537 616 1579 foedissimis
640 1537 913 1578 librariorum
935 1535 1186 1578 commentis
1207 1535 1416 1577 deforma-

73 1600 226 1650 torum,
254 1611 361 1650 quae
380 1611 468 1638 non
488 1596 687 1650 sequiora
707 1596 876 1636 demum
898 1594 1095 1649 genuisse
1117 1594 1288 1635 saecula
1310 1595 1417 1635 anti-

76 1655 306 1710 quissimus
326 1656 449 1697 testis
477 1655 581 1697 folia
601 1654 979 1708 Cantabrigiensia
1000 1653 1244 1694 ostendunt.
1287 1667 1417 1707 porro

75 1713 305 1756 Caesarum
349 1715 590 1768 intercepta
629 1716 693 1755 est
730 1714 867 1754 maior
907 1727 1026 1766 pars,
1071 1712 1420 1766 Technopaegnii

76 1773 230 1814 desunt
268 1773 374 1814 duae
412 1773 664 1827 particulae,
706 1787 791 1813 una
827 1771 1011 1813 habetur
1052 1786 1102 1812 ex
1133 1770 1419 1825 Ephemeride

172 1888 207 1933 ³²)
239 1889 338 1932 quod
372 1888 466 1922 mihi
497 1899 646 1932 prorsus
679 1889 819 1922 certum
852 1888 908 1921 est
941 1898 985 1921 ex
1011 1887 1189 1921 memoria
1220 1884 1330 1920 huius
1357 1886 1421 1929 rei,

79 1947 190 1980 quam
229 1936 325 1970 male
357 1936 580 1970 inmutatam
614 1935 775 1969 seruauit
802 1935 825 1968 Z
858 1933 1014 1969 familia.
1065 1945 1151 1968 nam
1184 1944 1276 1977 quae
1309 1932 1422 1968 titulo

79 1983 213 2018 omisso
245 1985 331 2017 ante
364 1981 521 2017 salutem
548 1981 725 2026 Gregorio
759 1981 896 2016 dictam
929 1981 1104 2025 leguntur
1129 1981 1243 2015 uerba
1269 1981 1424 2024 „incipit

80 2031 344 2075 aeyloycwwffl,
378 2030 417 2063 in
448 2030 504 2064 his
536 2030 667 2073 incipit
699 2028 793 2062 illud
823 2028 918 2063 falso
946 2028 1123 2072 scriptum
1149 2038 1215 2072 pro
1243 2038 1299 2071 eo,
1325 2027 1424 2072 quod

80 2077 335 2121 praecedentis
361 2075 448 2110 libri
474 2075 593 2111 exitus
618 2076 815 2121 flagitabat
840 2076 997 2119 explicit.
1049 2086 1136 2109 nam
1162 2086 1233 2109 uox
1259 2076 1423 2120 aeyloya-

81 2135 162 2158 rum
187 2124 233 2158 ad
254 2123 471 2168 Cupidinem
498 2124 592 2158 nihil
617 2123 814 2168 pertinere,
841 2122 940 2166 quod
959 2134 1072 2156 unum
1093 2123 1149 2156 est
1175 2132 1334 2165 carmen,
1362 2121 1426 2156 sed

82 2170 128 2204 ab
166 2171 389 2215 inprudente
420 2170 591 2214 librario,
630 2170 732 2205 cuius
764 2181 849 2204 mox
882 2170 1008 2204 oculos
1040 2169 1288 2203 aduertebant
1313 2168 1427 2203 uerba

81 2218 167 2252 huic
191 2219 348 2262 ecloyae,
380 2217 490 2252 facile
517 2218 563 2252 ad
588 2217 685 2252 hunc
710 2217 875 2262 potuisse
901 2216 1018 2258 trahi,
1053 2227 1179 2251 omnes
1207 2215 1315 2250 credo
1343 2226 1426 2249 con-

83 2264 222 2299 cedent.
261 2265 347 2300 hinc
372 2276 509 2299 nouum
534 2265 639 2299 uides
666 2264 786 2300 ordini
810 2264 848 2298 in
867 2263 1017 2308 Eclogis
1049 2276 1070 2298 a
1095 2274 1154 2297 me
1175 2262 1346 2297 instituto
1367 2273 1427 2296 ac-

85 2311 212 2347 cedere
237 2311 472 2357 praesidium.
