1563 2511
41 1087 85 1117 ‘24

626 88 945 128 —359—

118 192 262 244 effare,
300 206 382 246 quo
415 192 598 233 merito?
638 192 739 245 quid
771 207 838 233 me
871 207 1041 245 oneras⁷
1081 194 1350 236 sciscitator?
1395 210 1460 236 ra-

117 251 278 291 tionem
319 250 540 291 felicitatis
573 265 697 291 nemo
730 251 879 292 reddit.
943 252 1043 292 deus
1077 255 1119 293 et
1150 253 1222 307 qui
1255 253 1332 294 deo
1364 269 1460 308 pro-

115 309 255 350 ximus
301 309 434 350 tacito
480 324 657 350 munera
701 309 900 364 dispertit
940 310 1119 352 arbitrio
1159 315 1201 352 et
1238 313 1463 354 beneficio-

117 382 212 408 111111
253 382 425 409 suorum
465 367 712 421 indignatus
749 383 825 422 per
861 369 1058 410 homines
1095 372 1208 411 stare
1247 371 1462 424 iudicium,

46 446 54 456 -
116 427 283 467 mauult
320 426 370 467 (10
409 426 589 467 subditis
630 427 795 468 dedisse
835 428 1097 468 miraculum.
1161 443 1262 494 quo,
1306 429 1460 484 inquis
1482 442 1533 467 145

115 485 302 527 merito?
345 499 423 540 ego
456 486 620 526 nullum
653 486 760 538 scio⁷
797 485 880 526 nisi
913 486 1024 539 quod
1056 488 1121 539 tu,
1160 487 1352 540 piissime
1384 489 1460 529 1111-

115 546 307 597 pelator‚
339 544 491 585 debere
523 546 567 584 te
600 544 721 585 dicis:
757 547 798 585 et
830 545 910 586 1100
945 545 1096 585 debere
1129 545 1338 587 latissime
1370 561 1461 600 per-

113 602 241 655 tinet,
275 603 366 643 siue
398 603 480 644 hoc
507 603 759 644 eruditionis
787 607 886 644 tuae
918 603 1067 644 faenus
1096 605 1337 659 existimas,
1371 606 1460 646 siue

114 661 206 702 sine
234 661 408 703 faenore
436 662 615 716 gloriam
642 662 916 703 liberalitatis
945 662 1146 716 adfectas,
1174 664 1261 703 siue
1288 666 1330 704 te
1356 679 1460 717 pon-

114 720 213 761 dere
258 724 488 775 conceptae
533 721 778 774 sponsionis
824 735 1049 775 exoneras,
1094 736 1167 762 seu
1211 722 1311 763 fidei
1350 737 1460 764 com-
1482 735 1532 760 150

114 779 293 820 missum
338 779 474 833 patris
518 780 720 833 exsoluis,
766 794 840 821 seu
879 780 1235 834 magnanimitate
1275 781 1458 835 caelesti,

114 838 404 879 ostentatione
449 853 700 892 suppressa,
742 839 809 879 dei
854 853 1006 879 munus
1049 839 1243 880 imitaris.
1308 840 1458 881 debere

112 898 154 937 te
177 896 292 938 dicis.
332 897 429 938 cui‘?
463 897 661 951 quando?
696 912 778 952 quo
805 897 1007 938 nomine?
1040 898 1134 952 lege
1156 899 1459 953 syngrapham,

112 956 287 996 nomina
332 956 606 1010 creditorem3
651 956 815 1010 accepti
854 958 896 997 et
935 957 1111 1011 expensi
1148 957 1321 998 tabulae
1361 971 1457 999 con-

111 1013 323 1055 ferantur:
349 1015 515 1055 uidebis
544 1015 627 1056 alio
659 1029 851 1056 summae
877 1015 1002 1056 istius
1029 1017 1212 1056 transire
1232 1016 1457 1057 rationem.
1479 1028 1530 1054 155

111 1072 193 1113 tibi
232 1073 371 1127 coepit
410 1074 510 1114 deus
551 1073 702 1115 debere
735 1089 812 1127 pro
844 1074 982 1116 nobis.
1044 1074 1145 1128 quid
1177 1076 1319 1115 autem
1351 1075 1458 1115 mihi

110 1131 256 1185 debes,
288 1133 535 1187 gratissime
568 1133 830 1187 imperator?
868 1133 1030 1187 patitur
1062 1133 1176 1173 enim
1209 1133 1456 1175 humanitas

109 1193 201 1242 tua,
246 1193 293 1231 ut
336 1193 508 1245 praeter
551 1193 692 1246 regias
737 1191 920 1232 uirtutes
959 1190 1130 1245 priuata
1169 1192 1456 1246 appellatione

108 1249 306 1290 lauderis.
357 1250 458 1304 quid
490 1253 538 1291 tu
567 1250 673 1290 mihi
701 1249 858 1291 debes?
892 1253 935 1291 et
962 1252 1111 1291 contra
1137 1251 1236 1304 quid
1262 1265 1349 1292 non
1376 1265 1455 1307 ego

107 1308 187 1349 tibi
221 1308 385 1350 debeo?
417 1323 526 1349 anne
560 1309 670 1362 quod
702 1309 856 1350 docui?
890 1309 971 1350 hoc
998 1322 1076 1364 ego
1103 1323 1280 1363 possum
1313 1311 1456 1351 uerius
1478 1322 1529 1347 160

106 1369 370 1421 retorquere⁷
404 1367 581 1422 dignum
607 1382 674 1408 me
705 1367 922 1421 habitum,
955 1368 1026 1421 qui
1053 1368 1266 1422 docerem3
1298 1371 1366 1410 tot
1396 1369 1456 1410 fcr-

108 1426 262 1467 cundia
294 1426 572 1481 doctrinaque
604 1428 875 1481 praestantes
907 1426 1112 1468 inclinata
1144 1427 1188 1467 in
1216 1441 1281 1467 me
1309 1428 1456 1482 digna-

106 1485 223 1526 tione
255 1485 529 1539 praeteritos,
561 1488 610 1526 ut
641 1488 755 1526 esset
781 1500 906 1539 quem
930 1487 977 1526 tu
1003 1488 1172 1526 matura
1198 1485 1284 1527 iam
1314 1489 1455 1527 aetate

107 1544 369 1584 succinctum
402 1558 477 1598 per
503 1558 649 1585 omnes
676 1544 889 1586 honorum
916 1544 1074 1598 gradus
1101 1543 1306 1586 festinata
1333 1545 1454 1586 boni-

106 1604 195 1642 tate
234 1602 510 1656 proueheres3
548 1604 700 1644 timere
739 1605 786 1644 ut
824 1603 1048 1656 uidereris,
1088 1617 1142 1644 ne
1181 1603 1225 1644 in
1263 1618 1331 1645 me
1363 1604 1525 1645 uita165

107 1660 321 1714 deficeret,
355 1661 454 1702 dum
487 1661 568 1702 tibi
601 1661 739 1703 adhuc
767 1661 947 1716 aliquid,
981 1661 1093 1716 quod
1127 1661 1301 1704 deberes
1334 1677 1453 1716 prae-

107 1722 238 1771 stare,
271 1723 525 1774 superesset.

202 1886 266 1917 141
294 1883 451 1918 honeras
478 1883 499 1926 f
529 1885 532 1925 Ι
574 1883 760 1918 scisitator
787 1883 820 1917 T
917 1886 981 1916 142
1009 1882 1226 1917 foelicitatis
1254 1883 1287 1918 T
1384 1888 1450 1918 145

105 1930 246 1964 mauolt
273 1931 322 1964 M
413 1934 478 1964 146
504 1930 556 1964 mi
581 1929 746 1974 piissime
774 1931 818 1975 ΡἿ·
848 1930 880 1964 Τ
965 1934 1030 1964 148
1057 1930 1186 1964 foenus
1212 1931 1235 1973 f
1263 1931 1393 1965 foedus
1425 1931 1457 1965 T

155 1980 221 2011 149
247 1977 396 2033 foenore
427 1978 507 2021 ΤΗ
539 1977 691 2012 affectas
720 1978 754 2011 Z
828 1981 892 2011 151
921 1977 1062 2011 exoluis
1088 1978 1111 2020 f
1192 1980 1257 2012 153
1285 1978 1359 2012 dici
1387 1978 1419 2012 T
1447 1980 1448 2021 ᾗ

106 2046 188 2082 cui?
216 2027 287 2091 qiio
313 2048 397 2083 mo?
425 2034 473 2092 tp‘]
501 2050 580 2082 est?
607 2049 705 2092 Lege
730 2048 786 2091 TI
810 2047 1065 2092 simgraphum
1091 2048 1144 2093 TI
1168 2049 1381 2093 syngrafam
1407 2049 1457 2082 M

106 2095 357 2140 syngrapham
377 2095 400 2137 f
469 2098 536 2129 154
563 2095 786 2130 creditorum
806 2095 984 2130 Heinsius
1059 2098 1125 2129 156
1153 2095 1286 2130 debere
1313 2096 1401 2130 deus
1420 2096 1454 2130 T

155 2145 220 2175 157
249 2142 346 2176 enim
372 2153 437 2177 om.
469 2143 501 2175 T
574 2145 638 2177 159
666 2143 755 2187 quid
780 2142 870 2187 non]
899 2142 996 2186 quod
1021 2153 1095 2176 non
1125 2142 1214 2176 TM
1287 2146 1352 2177 160
1379 2143 1450 2177 1100

105 2187 191 2233 ego]
218 2200 287 2234 ego
314 2200 378 2224 om.
411 2189 444 2223 T
515 2193 582 2224 164
609 2190 814 2224 succintum
844 2189 890 2223 M
920 2189 1152 2224 subcinctum
1177 2190 1200 2232 f
1275 2193 1340 2224 165
1366 2201 1450 2234 pro-

102 2244 250 2294 ueheris
279 2259 312 2293 T
344 2261 349 2304 Ι
382 2260 515 2295 timore
544 2260 593 2294 M
