1563 2511
616 64 936 104 -221—

100 168 215 209 bona
252 170 474 221 tamquam
513 167 728 208 adfectata
766 168 952 210 laudare.
1013 184 1145 210 unum
1184 170 1266 211 hoc
1302 173 1445 211 tamen

100 241 125 267 a
167 227 293 268 nobis
331 225 576 267 indubitata
614 226 798 267 ueritate
838 240 1063 281 cognosce,
1102 229 1315 270 neminem
1355 243 1446 270 esse

100 285 365 339 mortalium,
410 299 535 338 quem
579 299 682 338 prae
719 287 762 326 te
800 285 993 338 diligam3
1037 286 1098 327 sic
1135 287 1340 328 uadatum
1379 302 1445 328 me

100 344 348 385 honorabili
382 358 526 384 amore
557 344 748 384 tenuisti.
798 346 863 384 set
893 344 937 384 in
969 358 1017 384 eo
1051 345 1156 385 mihi
1184 347 1445 387 uerecundus

100 403 235 444 nimio
268 404 363 457 plus
396 402 551 453 uidere,
585 402 695 456 quod
728 402 865 443 libelli
898 403 959 443 tui
993 403 1136 456 arguis
1168 404 1444 457 proditorem.

98 475 200 503 nam
249 461 415 503 facilius
467 464 533 502 est
582 461 780 502 ardentes
830 461 1000 502 fauillas
1046 475 1118 502 ore
1163 463 1442 516 comprimere

100 535 228 574 quam
265 520 469 561 luculenti
508 520 649 574 operis
689 534 859 561 seruare
899 522 1121 561 secretum.
1184 535 1278 560 cum
1311 522 1442 561 semel

99 594 124 620 a
159 582 200 620 te
232 579 473 633 profectum
506 593 679 619 carmen
712 582 794 632 est,
831 579 897 619 ius
937 593 1061 620 omne
1093 579 1290 632 posuisti.
1352 594 1444 620 ora-

96 638 160 679 tio
192 638 410 692 publicata
440 652 508 678 res
540 638 676 679 libera
702 640 777 678 est.
829 652 883 678 an
909 638 1069 678 uereris
1098 637 1253 677 aemuli
1280 652 1445 678 uenena

97 697 281 749 lectoris,
312 712 364 738 ne
396 697 570 737 libellus
602 699 701 738 tuus
738 697 937 738 admorsu
970 696 1063 736 duri
1096 695 1235 736 dentis
1267 697 1445 737 uratur?

95 756 178 796 tibi
221 756 296 797 uni
333 756 386 797 ad
423 756 504 797 hoc
541 757 733 797 locorum
777 755 885 796 nihil
932 755 1075 809 gratia
1112 755 1333 807 praestitit
1372 758 1446 796 aut

97 814 283 869 dempsit
330 815 506 856 inuidia.
584 815 769 868 ingratis
821 828 972 855 scaeuo
1024 814 1174 866 cuique
1225 814 1444 868 proboque

95 873 323 915 laudabilis
367 888 424 915 es.
491 873 670 927 proinde
715 887 858 915 cassas
899 872 1052 914 dehinc
1097 872 1264 913 seclude
1301 872 1445 913 formi-

96 932 214 973 dines
255 936 297 973 et
334 932 510 987 indulge
549 932 670 985 stilo,
708 935 756 973 ut
793 946 917 985 saepe
957 930 1163 985 prodaris.
1226 933 1337 972 certe
1370 931 1442 971 ali·
1472 944 1509 973 ,5

97 991 209 1046 quod
236 991 540 1032 didascalicum
568 1005 640 1032 seu
666 991 978 1044 protrepticum
1000 992 1149 1030 nostro
1177 1003 1343 1043 quoque
1370 1004 1442 1030 no-

95 1050 202 1090 mini
251 1065 423 1091 carmen
473 1050 678 1091 adiudica.
753 1050 819 1090 fac
862 1049 1101 1102 periculum
1146 1047 1305 1088 silentii
1348 1049 1444 1100 mei,

97 1109 209 1163 quod
244 1109 324 1150 etsi
355 1109 437 1150 tibi
470 1108 668 1149 exhibere
701 1111 815 1161 opto,
847 1110 992 1148 tamen
1025 1106 1232 1160 spondere
1259 1121 1346 1147 non
1373 1122 1443 1147 au—

95 1167 186 1209 deo.
253 1168 357 1209 noui
402 1181 499 1223 ego,
545 1182 653 1221 quae
693 1168 750 1208 sit
786 1167 962 1220 prurigo
1002 1165 1253 1206 emuttiendi
1292 1165 1445 1218 operis,

97 1226 210 1281 quod
242 1227 450 1280 probaris.
512 1240 612 1266 nain
646 1226 831 1279 quodam
863 1228 988 1279 pacto
1023 1224 1272 1265 societatem
1304 1223 1442 1265 laudis

96 1285 302 1339 adfectat,
344 1286 416 1339 qui
455 1285 595 1325 aliena
633 1285 739 1325 bene
778 1284 892 1324 dicta
930 1283 1092 1337 primus
1126 1282 1330 1323 enuntiat.
1394 1297 1443 1323 ea

93 1346 271 1399 propter
297 1344 339 1385 in
368 1343 599 1385 comoediis
627 1343 876 1384 summatim
903 1342 1075 1396 quidem
1102 1341 1285 1395 gloriam
1312 1340 1441 1395 scrip-

94 1406 211 1444 tores
249 1404 457 1444 tulerunt:
496 1403 650 1444 Roscio
689 1404 835 1443 tamen
874 1404 1002 1455 atque
1035 1400 1239 1441 Ambiuio
1272 1400 1444 1440 ceteris-

96 1477 178 1517 que
209 1462 425 1503 actoribus
458 1461 575 1502 fama
606 1476 693 1503 non
725 1460 871 1502 defuit.
928 1473 1029 1514 ergo
1062 1459 1139 1499 tali
1171 1459 1345 1513 negotio
1374 1473 1443 1499 ex-

95 1521 230 1575 pende
263 1521 397 1562 otium
423 1523 545 1561 tuum
573 1523 616 1561 et
640 1520 765 1561 nouis
792 1519 1084 1561 uoluminibus
1110 1518 1268 1558 ieiunia
1293 1520 1442 1558 nostra

190 1677 232 1707 12
259 1673 434 1708 affectata
459 1672 546 1706 libri
568 1673 573 1716 1
599 1668 631 1705 ΕΤ
658 1671 779 1706 Unum
797 1671 832 1704 P
906 1674 948 1704 14
975 1670 1100 1714 quem]
1129 1680 1189 1712 qm
1216 1667 1260 1701 Vl
1287 1653 1366 1712 {em
1392 1668 1441 1701 V=

143 1723 184 1755 13
212 1720 288 1774 me]
313 1731 358 1755 ne
390 1720 446 1763 Vl
468 1718 677 1754 honorauili
710 1718 755 1752 V1
779 1718 784 1761 l
807 1729 907 1752 amor
938 1717 972 1750 V
993 1727 1015 1750 a
1040 1716 1159 1750 morte
1184 1715 1221 1750 R
1297 1718 1339 1748 15
1367 1715 1440 1760 set]

99 1767 154 1811 Vl
188 1768 274 1802 mici
308 1767 342 1801 V
376 1767 490 1801 michi
519 1765 579 1810 P}
613 1765 858 1799 uerecundius
885 1765 921 1799 R
1018 1767 1059 1797 17
1086 1762 1218 1798 fabilla
1252 1762 1297 1795 Vl
1398 1765 1439 1795 18

93 1816 239 1849 seibare
270 1814 315 1848 V¹
407 1818 452 1849 20
478 1825 535 1848 res
561 1812 681 1847 libera
707 1825 727 1846 σ
752 1824 809 1847 res
836 1823 901 1847 om.
929 1824 953 1845 α
1027 1814 1069 1844 21
1098 1821 1120 1843 a
1145 1820 1269 1844 morsu
1301 1809 1350 1842 V2
1362 1808 1445 1842 PF

95 1862 267 1897 admorsu
300 1862 349 1896 V¹
374 1862 585 1896 admorsum
612 1860 648 1894 R
671 1862 675 1901 1
704 1860 801 1905 duris
833 1860 864 1892 V
888 1859 936 1892 du
962 1870 1028 1893 om
1057 1856 1237 1901 (ridentis)
1266 1856 1302 1889 P
1397 1859 1439 1889 22

94 1909 260 1944 locarum
288 1909 349 1953 ΡΙ
378 1908 467 1943 111011
499 1908 531 1943 V
561 1906 678 1941 nichil
703 1907 739 1940 P
832 1910 875 1940 23
904 1906 1040 1950 ignatis
1070 1905 1105 1938 P
1128 1904 1296 1948 ingratus
1324 1904 1361 1946 (i.
1389 1902 1443 1936 in-

94 1957 239 2002 gratiis)
268 1968 287 1991 σ
310 1957 314 2000 Ι
337 1967 407 1999 que
433 1967 497 1990 om
532 1955 578 1989 V¹
675 1957 720 1988 24
748 1955 804 1988 est
836 1954 883 1987 V¹
906 1955 910 1994 Ι
917 1933 1039 1987 ὃ(101110
1067 1951 1112 1985 Vl
1210 1954 1265 1985 25.
1293 1953 1348 1985 26.
1376 1949 1443 1983 ali-

94 2006 186 2048 quot
220 2003 471 2038 dedascalium
502 2014 565 2037 seu
593 2001 860 2045 proterpticum
886 2000 922 2034 R
956 2002 960 2043 Ι
998 1997 1142 2043 nostro]
1170 2009 1237 2032 oro
1267 1997 1303 2030 P
1397 2000 1441 2030 27

95 2055 238 2085 carmen
258 2051 293 2085 V
313 2047 393 2085 cam
413 2050 448 2083 P
469 2053 472 2092 Ι
495 2049 673 2094 periclum
701 2048 750 2082 V1
847 2052 890 2082 28
918 2047 990 2090 qod
1015 2045 1059 2080 V¹
1085 2049 1088 2088 1
1118 2045 1187 2079 etsi
1206 2044 1291 2089 tibi]
1314 2045 1351 2078 et
1371 2043 1440 2078 tibi

94 2098 154 2141 P}
177 2098 323 2132 exibere
350 2098 436 2132 obto
456 2096 503 2131 Vl
576 2099 619 2129 29
647 2096 736 2130 nobi
765 2095 810 2128 V¹
836 2098 839 2127 Ι
863 2092 1066 2129 emutiendi
1091 2092 1168 2126 VF
1239 2095 1283 2125 30
1310 2091 1383 2134 qod
1413 2090 1445 2123 1

142 2149 185 2179 31
223 2145 374 2179 affectat
405 2145 492 2179 libri
514 2147 516 2186 Ι
547 2142 741 2178 ennuntiat
769 2142 805 2176 P
899 2145 943 2176 32
972 2139 1149 2177 comediis
1183 2140 1215 2185 (0
1242 2149 1284 2172 eae
1310 2139 1343 2179 e)
1376 2137 1410 2170 V

96 2194 317 2227 summatem
343 2192 379 2227 R
401 2192 405 2234 Ι
434 2190 592 2235 gloriam
618 2189 769 2234 quidem
793 2189 830 2224 R
903 2193 946 2223 33
974 2187 1094 2231 adque
1120 2186 1175 2220 V
1200 2177 1361 2219 ἔιῑηῦἰῦἰο
1389 2195 1441 2216 ασ

96 2239 234 2281 (ambio
259 2239 312 2281 D)
396 2242 440 2272 34
467 2237 680 2272 auctoribus
714 2237 770 2278 V!
801 2236 925 2271 deficit
950 2235 986 2270 R
1066 2238 1110 2268 35
1136 2218 1257 2276 tuum]
1284 2234 1363 2265 tum
1394 2229 1428 2262 ἶ
1431 2230 1440 2248 ¹

97 2286 102 2330 1
130 2285 236 2321 nobis
267 2285 313 2320 V¹
336 2289 340 2329 l
363 2285 513 2330 geiunia
543 2284 590 2318 Vl

1476 359 1515 388 15

1471 652 1515 682 20

1469 1237 1513 1267 30

1469 1531 1512 1561 35
