1531 2441
605 500 921 549 Praefatio,

292 592 317 626 1.
357 590 411 626 De
438 590 628 626 codicibus
656 590 914 636 opusculorum
941 590 1251 625 Ausonianorum.

154 683 158 686 ’
183 686 373 742 Singulis
388 687 648 729 carminibus
664 687 868 741 librisque
884 687 1067 741 singulis
1082 686 1299 728 Ausonius
1314 700 1437 740 prae-

91 746 275 789 fationes
287 746 523 800 praemisit,
534 746 660 787 modo
670 746 859 787 carmine
872 746 1065 800 scriptas,
1076 745 1288 787 interdum
1297 759 1438 799 prosa,

90 820 204 847 nunc
237 807 279 846 et
309 819 436 846 uersu
468 808 511 846 et
547 820 677 859 prosa
717 805 910 846 oratione
943 805 1119 859 mixtas,
1156 806 1203 845 ut
1241 803 1438 845 Bissulae

91 864 522 918 Technopaegniique
588 863 929 917 continuationi,
991 863 1192 917 misitque
1249 862 1324 903 uni
1389 876 1438 903 ex

94 923 254 974 amicis,
288 923 368 975 uel,
400 923 512 976 quod
538 923 675 963 rarius
711 922 884 977 factum,
918 922 1134 976 adscripta
1161 922 1298 963 salute
1325 935 1438 963 com-

93 981 311 1023 mendauit
344 981 519 1034 „lectori
553 981 667 1035 suo“,
705 981 747 1022 id
781 984 845 1022 est
878 981 1076 1022 omnibus
1116 995 1221 1035 quos
1255 980 1320 1021 sui
1353 982 1439 1020 stu-

95 1040 236 1082 diosos
268 1040 396 1081 sciret
422 1040 465 1080 in
488 1040 587 1080 aula
608 1042 649 1081 et
669 1042 789 1081 extra
816 1040 972 1093 aulam,
1004 1039 1261 1093 placituram
1282 1038 1437 1092 quibus

93 1101 285 1153 speraret
306 1112 433 1152 quam
453 1101 717 1140 tractauerat
737 1113 839 1149 rem,
859 1099 977 1140 uelut
996 1097 1233 1153 Epitaphia
1260 1097 1439 1138 heroum

93 1157 345 1199 Troicorum
378 1160 420 1198 et
451 1156 825 1212 Epigrammatum
865 1158 1048 1199 alteram
1095 1157 1264 1198 seriem:
1302 1170 1439 1210 neque

91 1217 174 1258 nisi
211 1216 407 1270 repetitis
447 1216 557 1257 curis
598 1231 706 1271 quae
745 1217 968 1258 elaborata
1007 1219 1152 1257 essent
1189 1216 1258 1256 uel
1302 1217 1438 1265 aucta,

96 1275 170 1316 alii
198 1290 248 1316 ex
274 1274 421 1316 amieis
444 1277 570 1328 atque
592 1276 659 1316 cui
685 1275 823 1329 primo
845 1275 1035 1328 miserat,
1061 1274 1232 1328 dicauit,
1258 1274 1300 1314 id
1328 1273 1440 1327 quod

92 1348 142 1375 ex
175 1333 526 1388 Technopaegnii
557 1334 701 1388 priore
735 1334 951 1388 particula
985 1336 1028 1375 et
1066 1333 1295 1374 Fastorum
1327 1333 1438 1373 libro

92 1394 225 1446 patet,
257 1406 335 1433 nec
367 1407 569 1446 umquam
609 1392 785 1434 eandem
825 1392 1240 1435 commendationem
1274 1391 1440 1433 duobus

93 1452 213 1492 misit
246 1451 337 1493 solo
377 1451 551 1493 nomine
589 1451 820 1506 inmutato,
857 1466 957 1492 nam
996 1451 1108 1493 falsa
1141 1453 1206 1492 est
1240 1451 1284 1491 in
1317 1464 1379 1504 ep.
1416 1452 1437 1491 1

91 1508 188 1565 (34)
222 1525 260 1551 u.
293 1510 318 1551 9
351 1509 483 1551 Tolli‘i
516 1511 769 1552 coniectura.
829 1511 910 1552 hoc
949 1512 1063 1552 recte
1102 1510 1259 1551 dicitur
1292 1510 1438 1550 edere

92 1569 160 1609 uel
187 1567 517 1622 piiblicare.*)
559 1583 661 1610 nam
689 1584 947 1624 quamquam
975 1569 1088 1623 quod
1118 1568 1440 1610 adiudicauerat

92 1630 243 1670 auctor
274 1628 412 1669 amico
446 1630 580 1683 certo,
621 1643 708 1669 non
739 1629 825 1669 iam
858 1628 1057 1670 omnibus
1090 1627 1221 1669 fuisse
1253 1627 1439 1668 destina—

94 1690 186 1727 tum
220 1689 262 1728 et
294 1686 552 1741 quibusdam
586 1687 715 1728 etiam
749 1688 801 1728 ab
837 1701 885 1728 eo
919 1687 986 1728 cui
1015 1687 1194 1727 miserat
1226 1686 1440 1740 denegan-

92 1744 192 1786 dum
212 1745 343 1787 fuisse
365 1759 414 1786 ex
432 1744 678 1799 Symmachi
698 1746 841 1787 uerbis
868 1745 1000 1799 (infra
1020 1760 1058 1799 p.
1074 1745 1171 1797 221,
1187 1745 1243 1786 20
1258 1742 1368 1799 sqq.)
1392 1744 1438 1784 li-

93 1803 220 1858 quido
249 1806 440 1858 apparet,
471 1804 553 1845 hoc
584 1807 731 1846 tamen
757 1819 854 1846 raro
886 1804 1049 1846 factum
1077 1818 1168 1845 esse
1201 1803 1438 1858 putandum

93 1863 341 1917 ualebitque
374 1863 418 1903 in
450 1863 698 1905 uniuersum
732 1863 845 1918 quod
877 1863 950 1904 ille
984 1863 1062 1904 ait:
1100 1863 1265 1917 „oratio
1299 1861 1439 1916 publi-

94 1924 188 1962 cata
233 1921 369 1962 libera
407 1924 488 1963 est:
534 1936 628 1963 cum
668 1923 799 1964 semel
838 1937 861 1963 a
900 1926 942 1963 te
986 1922 1227 1976 profectum
1266 1935 1439 1962 carmen

94 1982 181 2032 est,
214 1981 279 2021 ius
313 1994 437 2022 omne
468 1981 691 2034 posuisffif‘
739 1984 781 2022 et
806 1981 1086 2022 mittebantur
1118 1980 1266 2021 amicis
1298 1979 1438 2021 solum

94 2053 163 2088 ea,
210 2052 317 2093 quae
367 2040 557 2093 expolita
604 2040 709 2081 satis
754 2040 1011 2081 uidebantur
1062 2039 1310 2093 auctorique
1362 2052 1437 2079 suo

191 2156 224 2197 ⁴⁴²)
252 2154 317 2189 Th.
338 2155 419 2189 Birt
438 2154 476 2189 in
501 2154 613 2190 libro:
641 2156 715 2190 Das
737 2155 863 2190 antike
884 2154 1112 2189 Buchwesen
1132 2155 1169 2189 in
1190 2154 1327 2188 seinem
1349 2151 1438 2186 Ver-

93 2201 275 2236 hi'iltnisse
308 2213 369 2236 zur
402 2201 638 2237 Litte1·atur.„
662 2202 787 2237 Berlin
822 2206 928 2246 1882,
961 2213 1033 2237 non
1059 2202 1217 2236 multum
1252 2199 1439 2244 promouit

93 2248 140 2282 ad
166 2249 262 2283 hanc
290 2248 545 2293 quaestionem
573 2249 854 2284 decernendam.
