1563 2511
600 98 914 139 -195—

15 236 87 269 [150]
312 221 372 257 ΙΠ.
404 223 457 257 IN
481 222 594 257 FINE
621 221 836 258 EIVSDEM
861 223 990 258 LIBRI
1014 225 1193 260 ADDITI.

82 306 302 348 Hactenus
335 305 543 360 adscripsi
573 306 724 348 fastos.
786 307 823 347 si
856 321 948 348 sors
979 309 1115 362 uolet,
1145 309 1262 351 ultra

141 365 356 407 Adiciam:
390 365 425 405 si
455 379 563 417 non,
594 365 666 418 qui
696 365 823 420 legis,
856 365 1026 408 adicies.

83 422 198 465 Scire
228 424 358 477 cupis,
390 423 463 477 qui
489 422 600 464 sim?
633 423 820 477 titulum,
853 423 925 478 qui
951 427 1129 478 quartus
1155 425 1208 466 ab
1235 425 1320 468 imo
1347 429 1423 481 est,

142 481 324 531 Quaere:
356 482 473 537 leges
504 496 660 523 nomen
693 482 879 524 consulis
912 482 1108 525 Ausonii.

128 608 207 644 IIII.
237 607 511 643 CONSVLARI
535 607 680 642 LIBRO
708 608 983 644 SVBICIENDI
1015 609 1151 652 QVEM
1183 609 1277 645 EGO
1310 610 1376 645 EX

312 661 513 696 CVNCTIS
545 661 846 697 CONSVLIBVS
872 662 1015 697 VNVM
1041 662 1193 698 COEGI.

12 728 84 759 [1492
482 714 728 750 GREGORIO
755 714 821 749 EX
845 714 1015 751 PRAEF.

80 797 211 839 Vrbis
244 798 297 839 ab
331 801 529 839 aeternae
561 798 786 840 deductam
816 813 915 853 rege
947 798 1123 848 Quirino

139 857 365 898 Annorum
398 857 552 899 seriem
584 872 697 911 cum,
728 857 926 910 Procule,
959 858 1159 912 accipies,
1299 903 1303 905 λ

80 915 200 957 Mille
233 930 366 957 annos
400 918 656 970 centumque
689 918 731 957 et
760 916 827 957 bis
859 916 1032 957 fluxisse
1063 930 1255 958 nouenos
1292 948 1298 953 .

140 972 340 1016 Consulis
371 975 553 1016 Ausonii
587 989 743 1016 nomen
776 975 829 1016 ad
860 989 994 1029 usque
1025 976 1154 1030 leges.

80 1032 186 1075 Fors
218 1033 318 1087 erit,
348 1036 414 1087 ut,
445 1034 629 1074 lustrum
661 1048 757 1075 cum
789 1047 832 1074 se
864 1034 1146 1075 cumulauerit
1174 1033 1288 1088 istis,
1402 1044 1422 1075 5

140 1090 389 1134 Confectam
421 1092 626 1134 Proculus
659 1093 799 1147 signet
830 1092 1132 1147 olympiadam.

174 1207 225 1240 ΠΙ
250 1218 393 1242 carmen
417 1218 483 1242 om.
516 1207 550 1241 V
573 1209 577 1251 1
611 1208 718 1242 inser.
747 1207 832 1242 MG
857 1217 923 1243 om.
954 1207 987 1241 T
1082 1211 1099 1240 1
1128 1206 1280 1250 ascripti
1308 1206 1342 1241 G
1457 1213 1495 1246 Ζ

80 1258 99 1288 2
126 1253 313 1289 addiciam
339 1254 392 1300 (di
417 1265 460 1289 επὶ
484 1256 564 1299 tu?)
594 1254 650 1301 ΤΙ
672 1254 834 1289 addicies
867 1254 900 1288 Τ
993 1258 1013 1288 3
1041 1255 1097 1289 est
1121 1264 1185 1288 om.
1217 1253 1250 1288 G

172 1312 241 1346 1111
266 1323 409 1348 carmen
435 1323 501 1347 om.
534 1312 569 1346 V
599 1314 603 1357 Ι
638 1313 824 1348 consulari
849 1317 894 1337 ’-
921 1324 964 1347 ex
988 1312 1120 1357 praefi]
1157 1312 1253 1346 hunc
1277 1312 1425 1347 titulum
1460 1321 1497 1353 Ζ

72 1361 195 1404 primo
227 1361 383 1395 carmini
406 1360 615 1404 praefioeum
645 1360 749 1395 habet
774 1360 824 1394 M
855 1360 937 1402 (om.
969 1359 1054 1403 VT)
1078 1360 1146 1394 huc
1170 1359 1345 1394 transtuli
1371 1360 1424 1403 (et

80 1407 221 1441 cunctis
247 1407 297 1441 M
321 1407 360 1441 in
386 1407 481 1442 libro
508 1418 617 1451 quem
644 1407 688 1441 de
714 1407 820 1442 fastis
846 1407 1106 1451 composuerat
1131 1406 1178 1440 ad
1204 1405 1425 1451 Gregorium

82 1453 145 1498 G):
177 1454 242 1489 hoc
272 1455 348 1490 loco
379 1454 424 1489 de
457 1454 586 1490 eodem
612 1454 662 1489 M
682 1454 726 1489 de
758 1455 887 1489 eodem
913 1454 1092 1488 fastorum
1116 1452 1212 1488 libro
1241 1452 1275 1489 G
1299 1463 1365 1487 om.
1395 1452 1427 1486 Τ

108 1528 159 1576 ’2
195 1509 345 1569 pr‘bcule
374 1525 407 1560 Τ
442 1526 447 1569 1
489 1524 649 1569 accipias
686 1524 737 1559 M
839 1529 859 1560 6
899 1523 1147 1568 olympiadem
1189 1523 1262 1558 TG
1307 1523 1421 1567 olym-

78 1571 228 1616 piadam
255 1571 305 1606 M

1138 2374 1207 2408 13²³
