1563 2511
605 28 917 69 —113—

85 132 246 175 Eliciat
276 136 486 185 tenerum⁷
519 131 569 173 de
602 146 685 186 quo
717 147 817 173 rosa
847 135 966 185 nata,
999 148 1191 177 cruorem

85 193 176 233 Aut
206 192 310 247 pubi
343 191 599 233 admoueant
629 191 870 245 petulantia
901 192 1064 234 lumina
1097 194 1251 247 lychni.

84 250 185 305 Ipsa
218 251 347 292 etiam
379 248 511 291 simili
544 249 739 303 genetrix
772 249 958 291 obnoxia
990 251 1140 305 culpae

83 310 211 350 Alma
241 308 387 350 Venus
418 310 563 349 tantos
595 311 794 362 penetrat
826 322 975 350 secura
1006 311 1228 353 tumultus.
1384 324 1428 356 80

84 367 174 409 Nec
207 367 497 409 circumuento
528 381 766 420 properans
800 367 1005 421 suffragia
1035 371 1139 410 nato

85 426 310 468 Terrorem
343 425 583 480 ingeminat
614 425 883 479 stimulisque
916 426 1110 467 accendit
1142 429 1296 469 amaris

83 485 306 540 Ancipites
338 484 473 525 furias
505 484 680 538 natique
712 484 757 524 in
789 484 968 526 crimina
1000 485 1167 526 confert

81 543 276 586 Dedecus
308 543 403 597 ipsa
436 557 577 593 suum,
609 543 720 597 quod
753 543 925 585 uincula
957 557 1082 585 caeca
1113 545 1259 586 mariti

81 601 305 657 Deprenso
336 601 532 643 Mauorte
564 602 681 655 tulit,
715 601 827 655 quod
858 602 971 656 pube
1003 602 1204 655 pudenda
1382 616 1426 647 85

81 660 424 716 Hellespontiaci
456 660 620 702 ridetur
651 660 789 701 forma
820 660 984 715 Priapi,

82 720 204 769 Quod
237 720 417 761 crudelis
448 719 584 774 Eryx,
617 719 729 773 quod
762 719 936 761 semiuir
966 719 1367 774 Hermaphroditus.

79 777 171 820 Nec
203 779 310 821 satis
343 779 387 819 in
418 778 578 820 uerbis:
612 792 735 820 roseo
770 777 912 819 Venus
945 793 1075 820 aurea
1107 781 1221 821 serto

79 836 342 879 Maerentem
373 837 521 891 pulsat
550 851 730 890 puerum
763 840 805 878 et
836 838 1036 892 grauiora
1068 841 1307 892 pauentem.

80 895 167 938 Olli
199 910 458 951 purpureum
490 896 678 937 mulcato
712 910 889 950 corpore
920 910 1062 937 rorem
1381 910 1425 941 90

80 953 231 997 Sutilis
265 955 474 1009 expressit
506 955 654 996 crebro
687 969 785 996 rosa
816 955 1010 1007 uerbere,
1045 969 1152 1009 quae
1184 956 1270 997 iam

79 1014 233 1056 Tincta
262 1014 382 1068 prius
414 1013 548 1055 traxit
579 1013 757 1054 rutilum
790 1013 929 1068 magis
961 1014 1088 1069 ignea
1119 1013 1275 1056 fucum.

77 1072 180 1114 Inde
212 1076 353 1114 truces
386 1072 570 1114 cecidere
603 1072 744 1114 minae
777 1072 1052 1127 uindictaque
1085 1073 1223 1115 maior

78 1131 268 1174 Crimine
300 1131 394 1172 uisa
426 1146 521 1185 suo,
553 1130 765 1172 Venerem
796 1127 965 1172 factura
996 1134 1234 1173 nocentem.

78 1190 203 1245 Ipsae
235 1189 504 1232 intercedunt
534 1189 729 1231 heroides
763 1192 805 1231 et
836 1204 913 1231 sua
945 1204 1137 1244 quaeque
1379 1203 1423 1234 95

76 1249 246 1292 Funera
279 1248 437 1290 crudeli
468 1248 636 1290 malunt
669 1248 910 1290 adscribere
940 1248 1046 1291 fato.

77 1308 186 1351 Tum
219 1310 361 1364 grates
392 1308 465 1362 pia
496 1310 635 1349 mater
667 1308 758 1362 agit
790 1308 969 1349 cessisse
1002 1307 1193 1349 dolentes

76 1367 135 1409 Et
167 1367 428 1409 condonatas
460 1381 592 1420 puero
626 1366 840 1408 dimittere
873 1367 1033 1421 culpas.

137 1426 261 1467 Talia
292 1426 512 1467 nocturnis
546 1425 649 1467 olim
683 1426 912 1467 simulacra
943 1425 1092 1480 figuris

75 1485 290 1527 Exercent
320 1484 534 1538 trepidam
567 1499 687 1526 casso
720 1487 885 1526 terrore
917 1485 1115 1539 quietem.
1356 1495 1422 1527 100

77 1544 193 1593 Quae
224 1546 456 1598 postquam
487 1544 625 1584 multa
655 1558 885 1598 perpessus
917 1546 1041 1585 nocte
1074 1541 1239 1597 Cupido

75 1602 261 1658 Effugit,
291 1603 416 1656 pulsa
447 1602 621 1643 tandem
653 1602 837 1657 caligine
870 1603 1009 1644 somni

75 1661 237 1703 Euolat
269 1661 321 1703 ad
354 1675 530 1716 superos
562 1663 770 1715 portaque
804 1661 948 1702 euadit
980 1662 1153 1703 eburna.

171 1781 213 1812 77
241 1788 312 1821 quo
339 1787 404 1811 om.
435 1777 468 1811 T
492 1778 600 1821 (crum
623 1777 665 1811 in
690 1787 803 1822 mary.
830 1777 929 1821 add.)
1005 1779 1048 1812 88
1075 1775 1163 1821 pabi
1190 1777 1227 1821 (a
1250 1776 1293 1811 in
1317 1788 1339 1811 v
1363 1787 1420 1821 pr.

74 1849 179 1891 corr.)
211 1847 244 1882 T
266 1848 271 1893 Ι
305 1824 394 1882 liiini
422 1847 455 1881 T
551 1851 593 1882 79
620 1847 803 1893 genetrix]
832 1846 865 1882 G
893 1846 1055 1892 genitrix
1083 1846 1116 1881 Τ
1137 1846 1330 1892 genitricis
1355 1848 1375 1880 λ

74 1898 117 1929 81
146 1894 481 1930 cii-cunnentoTG
554 1897 597 1929 82
624 1894 857 1939 ingeminant
876 1894 910 1930 G
983 1897 1028 1929 84
1054 1904 1166 1929 coeca
1183 1893 1216 1929 G
1289 1896 1334 1929 85
1359 1893 1420 1928 de-

73 1943 253 1987 prehenso
280 1945 299 1976 7.
395 1945 438 1977 87
465 1941 569 1976 herix
597 1942 636 1986 (h
661 1942 742 1986 del.)
772 1941 806 1976 T
835 1952 922 1977 crux
947 1944 965 1976 λ
994 1941 999 1987 Ι
1033 1940 1358 1986 hermophroditus
1386 1942 1422 1985 (a

74 1990 213 2024 litterae
239 1999 260 2023 o
285 1990 429 2034 similis)
459 1988 492 2023 T
568 1991 613 2024 88
638 1988 717 2024 Hec
745 1987 779 2023 T
857 1992 901 2024 89
928 1990 1156 2024 moerentem
1185 1987 1244 2022 GL
1268 1988 1271 2033 Ι
1293 1987 1421 2033 pulsat

72 2036 196 2081 pulsat
226 2036 260 2071 T
328 2040 372 2072 90
397 2036 579 2072 mulctato
605 2035 639 2071 G
721 2040 764 2071 91
792 2035 939 2071 subtilis
969 2036 1002 2071 T
1081 2039 1124 2071 92
1150 2035 1268 2070 tincta
1294 2061 1419 2070 .....

72 2095 187 2130 traxit
213 2096 293 2140 (lae.
321 2096 477 2140 quinque
503 2096 585 2138 litt.)
615 2095 647 2129 T
667 2097 671 2139 Ι
695 2095 870 2130 ruticlum
894 2097 913 2129 λ
988 2098 1032 2130 93
1059 2095 1153 2130 deest
1181 2094 1214 2128 T
1285 2097 1328 2129 96
1356 2093 1419 2127 ad-

74 2142 248 2189 scribere]
279 2141 338 2177 Gi.
363 2142 547 2178 ascribere
576 2142 609 2176 T
692 2145 736 2177 99
762 2142 868 2188 olim]
895 2142 960 2178 olli
986 2142 1139 2177 Schenkl
1231 2144 1297 2175 102
1323 2139 1419 2184 pulsi

77 2190 133 2224 Τλ
155 2190 161 2234 Ι
184 2190 357 2236 calligine
382 2190 475 2225 fumi
504 2189 537 2224 T
566 2192 570 2234 1
604 2189 707 2225 Finit
733 2190 867 2234 cupido
895 2189 1081 2225 cruciatus
1108 2188 1166 2224 Ga

146 2332 312 2352 Avsomvs.
1186 2318 1206 2348 8
