1563 2511
266 140 324 181 Et
357 139 546 181 mellitae
579 141 751 180 nectare
783 139 900 180 uocis

265 198 421 241 Dulcia
453 198 545 239 fatu
577 198 708 239 uerba
741 201 964 239 canentem

461 256 646 299 Nestora
677 270 835 311 regem.

147 364 289 406 Ambo
323 363 443 418 loqui
474 362 636 417 faciles,
668 363 796 405 ambo
829 363 973 404 omnia
1005 363 1195 404 carmina
1227 362 1361 417 docti,
1394 373 1437 404 25

208 421 426 464 Callentes
459 422 639 476 mython
671 422 886 476 plasmata
918 425 960 463 et
991 421 1232 475 historiam,

147 481 313 523 Liberti
347 482 474 523 ambo
509 495 655 536 genus,
689 480 763 522 sed
796 495 902 535 quos
936 480 1141 522 meruisse
1172 480 1338 522 deceret

212 540 434 595 Nancisci,
467 543 515 582 ut
547 540 738 581 cluerent
768 540 966 594 patribus
998 540 1210 595 ingenuis.

18 671 92 702 [212]
182 655 294 691 XXII.
330 655 558 691 VICTORIO
587 655 894 691 SVBDOCTORI
921 656 1028 691 SIVE
1054 654 1349 691 PROSCHOLO.

88 741 258 783 Victori
291 740 504 794 studiose,
537 755 717 794 memor,
749 741 878 794 celer,
910 741 1125 796 ignoratis

148 799 338 841 Adsidue
370 800 412 840 in
445 799 569 840 libris
602 814 680 841 nec
711 800 796 841 nisi
828 803 978 854 operta
1009 800 1174 854 legens,

88 858 251 900 Exesas
284 858 413 900 tineis
447 858 677 913 opicasque
710 859 908 900 euoluere
941 858 1112 900 chartas

147 917 288 960 Maior
320 932 450 972 quam
482 917 696 972 promptis
730 932 831 959 cura
863 918 945 959 tibi
976 918 1022 958 in
1055 917 1218 959 studiis.

90 976 283 1031 Quiduis,
308 975 333 1001 ’³‘
358 977 612 1031 pontificum
640 991 747 1030 quae
772 976 956 1027 foedera,
991 979 1173 1018 stemma
1199 976 1310 1030 quod
1338 975 1441 1018 olim

148 1036 265 1076 Ante
297 1034 487 1077 Numam
519 1035 652 1077 fuerit
684 1035 864 1077 sacrifici
897 1035 1100 1078 Curibus:
1420 1045 1439 1077 6

92 1094 205 1144 Quid
239 1093 394 1136 Castor
426 1094 589 1136 cunctis
622 1094 673 1135 de
705 1095 879 1150 regibus
914 1095 1148 1150 ambiguis,
1182 1094 1283 1149 quid

149 1152 358 1209 Coniugis
391 1168 412 1194 e
443 1154 567 1195 libris
601 1153 781 1195 ediderit
812 1153 1040 1208 Rhodope:

92 1211 214 1261 Quod
245 1213 311 1254 ius
343 1213 615 1267 pontificum,
648 1215 841 1254 ueterum
874 1228 982 1267 quae
1015 1213 1123 1255 scita
1155 1212 1372 1262 Quiritum

149 1270 266 1320 Quae
300 1272 495 1313 consulta
526 1274 710 1327 patrum,
742 1272 843 1327 quid
877 1271 1017 1314 Draco
1051 1271 1205 1326 quidue
1233 1270 1365 1313 Solon
1401 1283 1442 1313 10

90 1329 289 1372 Sanxerit
321 1333 364 1371 et
394 1330 543 1372 Locris
577 1330 741 1372 dederit
773 1346 882 1385 quae
914 1332 1008 1373 iura
1040 1331 1266 1384 Zaleucus,

149 1387 236 1431 Sub
269 1389 372 1431 Ioue
406 1404 514 1444 quae
547 1389 707 1444 Minos,
741 1405 849 1445 quae
881 1390 1056 1432 Themis
1089 1393 1186 1431 ante
1217 1390 1383 1443 Iovem,

89 1447 207 1490 Nota
239 1448 319 1489 tibi
352 1449 513 1502 potius,
546 1464 673 1504 quam
707 1449 876 1491 Tullius
910 1451 953 1491 et
984 1449 1106 1491 Maro
1138 1450 1277 1491 nostri

147 1507 207 1549 Et
239 1507 445 1563 quidquid
477 1507 605 1549 Latia
637 1508 835 1550 conditur
865 1508 1063 1550 historia.

89 1565 198 1608 Fors
230 1566 337 1608 istos
372 1567 503 1608 etiam
537 1567 619 1608 tibi
651 1567 778 1609 lectio
813 1568 945 1621 longa
978 1567 1183 1621 dedisset,
1402 1578 1441 1609 15

151 1624 406 1679 Supremum
438 1625 641 1668 Lachesis
673 1627 717 1667 ni
750 1627 979 1668 celerasset
1011 1627 1102 1668 iter.

186 1733 230 1764 26
269 1730 588 1775 mythoplasmata
618 1730 670 1765 V*
702 1741 792 1766 corr.
821 1731 984 1777 Scaliyer
1009 1734 1042 1774 1,
1070 1734 1114 1766 14
1199 1735 1243 1766 27
1273 1730 1380 1765 liberi
1407 1734 1442 1765 et

92 1776 202 1811 ambo
236 1776 289 1809 V*
316 1788 406 1812 corr.
435 1776 588 1812 Schenkl
609 1780 613 1819 1
638 1778 787 1813 doceret
817 1777 870 1812 V*
894 1789 985 1814 corr.
1013 1778 1174 1824 Scaliyer
1199 1782 1231 1821 1,
1257 1781 1303 1812 14
1400 1781 1443 1812 28

90 1823 194 1858 nasci
218 1822 270 1857 V*
296 1835 386 1858 corr.
413 1824 575 1869 Scaltyer
601 1828 634 1867 1,
662 1828 706 1859 14
732 1826 876 1860 nascier
905 1826 1094 1860 Pulmmm
1121 1826 1172 1861 sic
1198 1825 1301 1861 nasci
1327 1825 1441 1860 Heiu-

92 1871 169 1905 εἰπε
192 1873 195 1913 Ι
219 1871 369 1915 paribus
400 1870 452 1905 V*
478 1883 569 1907 corr.
596 1871 758 1917 Scaliyer
783 1877 815 1915 1,
842 1876 888 1907 14

186 1927 289 1963 XXII
315 1929 508 1964 Victorino
542 1930 593 1964 V*
619 1942 707 1966 corr.
736 1931 899 1976 Scaliyer
926 1935 959 1974 1,
984 1935 1031 1967 15
1131 1937 1147 1966 1
1176 1932 1367 1967 Victorine
1394 1932 1445 1966 V*

91 1987 181 2011 corr.
210 1976 372 2021 Scaliqer
399 1977 590 2012 Victorine
617 1989 758 2013 memor
785 1978 908 2014 studio
936 1979 1033 2014 celer
1053 1979 1191 2015 Franc.
1214 1980 1445 2015 Goethalsius

139 2026 159 2057 2
192 2023 338 2058 assidue
372 2023 421 2058 V*
567 2029 586 2059 5
629 2024 777 2068 quiduis
815 2026 947 2070 Peiper
984 2026 1082 2070 quod
1119 2027 1173 2061 ius
1205 2026 1257 2060 V*
1287 2028 1289 2065 1
1321 2038 1443 2062 scema

91 2070 271 2105 Heinsius
392 2076 412 2106 6
447 2071 571 2106 fuerat
605 2072 657 2105 V*
686 2084 776 2108 corr.
805 2073 982 2108 Heinsius
1022 2076 1026 2118 ῑ
1067 2073 1237 2109 sacrificii
1269 2073 1322 2108 Vss
1353 2085 1442 2110 corr.

97 2117 247 2153 Vinctus
272 2118 447 2153 sacrificis
474 2119 638 2163 Seah'yeo·
665 2123 698 2162 1,
724 2123 770 2155 15
916 2125 935 2154 7
969 2121 1067 2163 quod
1093 2141 1136 2146 —
1165 2121 1260 2165 quod
1292 2121 1327 2155 V
1353 2133 1442 2157 corr.

95 2164 228 2210 Peiper
324 2169 344 2200 8
372 2165 540 2201 ediderat
565 2166 615 2200 V*
641 2177 730 2202 corr.
758 2168 849 2201 idem
884 2168 889 2211 Ι
923 2179 983 2202 uu.
1011 2172 1133 2203 9-12
1159 2169 1444 2214 de‘ttoyraphz'am

93 2223 264 2248 uersuwn
291 2216 386 2248 5-8
411 2214 456 2248 ab
484 2214 561 2258 ipso
581 2214 746 2249 Ausonio
771 2215 907 2257 factam
926 2215 1096 2250 Bramlcs
1114 2219 1224 2260 putat
1286 2221 1305 2250 9
1333 2216 1442 2261 quae]

94 2271 132 2303 q;
166 2258 219 2293 V*
312 2264 354 2294 12
382 2260 471 2305 quid
497 2261 631 2296 themis
663 2261 713 2294 Γ*
740 2273 828 2297 corr.
857 2262 1034 2297 Heinsius
1125 2267 1166 2298 14
1188 2263 1363 2308 quicquid
1393 2263 1444 2297 V*
