1563 2511
601 77 922 118 —393—

91 182 238 224 cilium
283 182 539 223 dissolutum
584 186 660 224 est.
721 181 1002 223 Telemachus
1048 182 1100 223 ad
1144 182 1247 222 litus
1292 182 1432 235 procis

90 241 389 297 ignorantibus
416 241 576 295 pergit,
608 240 850 282 adstantem
878 240 960 281 sibi
986 240 1168 282 adorans
1194 239 1434 281 Mineruam

89 300 426 354 peregrinationi
453 298 731 341 accommoda
756 301 891 352 parat,
917 298 1118 340 hortante
1138 300 1322 340 maxime
1343 299 1431 353 dea,
1463 310 1503 340 10

89 373 196 413 quae
227 362 433 413 populum
464 358 689 413 ipsumque
723 357 1027 398 Telemachum
1058 357 1265 399 Mentoris
1305 358 1430 399 simu-

88 417 248 459 latione
289 416 478 458 fallebat.
541 417 750 458 instructo
789 429 890 470 ergo
930 415 1110 470 remigio
1150 419 1192 457 et
1223 430 1332 458 naue
1366 417 1432 457 de-

90 475 216 517 ducta
252 474 531 517 Telemachus
571 478 614 517 et
652 474 848 516 Minerua
892 474 942 515 de
979 477 1107 528 portu
1151 488 1329 529 uespere
1371 475 1432 516 in·

89 537 230 575 stante
263 534 494 576 soluerunt.

724 648 786 682 ΙΙΙ.

269 716 409 759 Ἠέλιος
434 716 471 754 δ’
500 716 683 762 ἀνόρουσε
712 716 829 754 λιπὼν
855 718 1080 762 περικαλλέα
1105 720 1238 763 λίμνην

272 767 350 801 Iam
377 766 440 801 Sol
467 766 615 801 Oceano
642 765 807 801 radiatos
833 767 1067 811 prompserat
1093 768 1205 800 ortus.

173 850 458 892 Telemachus
496 849 726 892 Nestorem
767 851 817 892 de
855 853 975 904 patre
1019 852 1279 905 percontans
1323 849 1431 890 nihil

83 909 188 951 noui
220 910 377 964 accipit
406 910 459 951 ab
486 910 724 964 ignorante.
768 924 917 950 uerum
943 909 1056 950 idem
1083 923 1211 950 senex
1237 908 1431 963 sequenti

85 968 171 1020 die,
203 982 298 1010 cum
323 967 554 1010 Pisistrato
587 968 676 1009 filio
703 971 751 1009 ut
777 967 830 1009 ad
856 967 1099 1009 Menelaum
1130 970 1302 1021 pergat,
1334 967 1429 1008 hor·
1457 977 1476 1006 5

84 1029 213 1068 tatur.
258 1041 337 1069 nec
363 1042 485 1068 mora
510 1027 626 1069 facta
652 1027 843 1069 consilio.
888 1029 1012 1068 nocte
1045 1026 1201 1080 quippe
1229 1040 1289 1078 ea,
1321 1040 1430 1080 quae

84 1088 313 1128 consecuta
344 1088 427 1140 est,
466 1086 579 1141 apud
611 1086 771 1127 Pheras
806 1085 1006 1139 oppidum
1041 1085 1232 1138 hospitio
1265 1084 1429 1126 Dioclis

84 1144 298 1186 deuersati
330 1144 396 1185 die
429 1145 564 1186 altero
597 1145 961 1186 Lacedaemonem
993 1144 1297 1197 peruehuntur.

707 1270 787 1305 IIII.

175 1340 255 1388 (Οἵ
277 1338 314 1376 δ’
344 1341 422 1384 ἷξον
449 1342 578 1385 κοίλην
605 1342 873 1385 Λακεδαίμονα
899 1340 1143 1387 κητώεσσαν)

173 1390 325 1433 Iamque
353 1389 445 1423 adeo
472 1390 625 1423 uentum
651 1389 798 1423 ualidae
825 1389 871 1422 ad
897 1387 1197 1423 Lacedaemonos
1225 1398 1337 1423 arces.

168 1472 470 1514 Telemachum
515 1474 558 1513 et
601 1472 672 1525 qui
716 1487 811 1514 cum
850 1487 898 1513 eo
937 1475 1162 1525 uenerant,
1207 1472 1426 1513 Menelaus

82 1532 260 1574 comiter
291 1531 482 1585 hospitio
516 1531 675 1585 accipit
706 1532 877 1585 iamque
906 1531 983 1571 sub
1010 1545 1192 1584 uespera
1219 1531 1428 1584 quaedam

82 1591 131 1632 de
164 1591 291 1631 Vlixe
324 1592 600 1644 cognoscunt.
657 1590 722 1630 die
755 1604 857 1630 uero
897 1590 1033 1631 altero
1072 1592 1212 1630 totum
1251 1590 1427 1644 nauiga-
1453 1599 1472 1628 5

81 1650 214 1691 tionis
255 1664 355 1690 suae
396 1648 588 1689 ordinem
627 1648 847 1689 Menelaus
888 1648 1106 1701 explanat,
1150 1648 1345 1702 quodque
1384 1647 1427 1688 in

83 1708 249 1763 Ogygia
287 1708 429 1748 insula
465 1707 688 1760 promissis
729 1710 771 1748 et
802 1707 1015 1748 illecebris
1053 1706 1270 1760 nymphae
1305 1705 1428 1759 Caly-

80 1768 226 1822 psonis
248 1766 395 1808 Vlixes
416 1766 664 1819 retineatur,
691 1766 876 1820 exponit.
923 1779 1030 1819 quae
1058 1765 1226 1819 quidem
1248 1765 1426 1806 Proteus

177 1886 218 1916 12
245 1881 410 1925 remegio
439 1881 475 1914 P

172 1940 223 1974 ΙΙΙ
252 1943 270 1973 1
297 1951 400 1973 amoc
415 1940 451 1973 P
469 1941 473 1983 1
495 1938 612 1973 λιπὼν
633 1943 697 1984 etq.
712 1940 755 1984 s.]
777 1949 1062 1974 flaxnepmaaaea
1085 1939 1121 1973 P
1179 1942 1199 1973 2
1221 1950 1380 1973 occeano
1395 1939 1431 1973 P

81 1993 101 2023 3
128 1987 323 2033 perefictas
351 1997 461 2021 senex
488 1988 556 2031 seq*r
579 1987 693 2021 nichil
713 1987 750 2020 P
818 1992 838 2021 5
866 1988 1008 2021 ortatur
1028 1986 1064 2020 P
1135 1990 1152 2020 7
1181 1985 1330 2030 opidum
1358 1986 1394 2020 P
1419 1986 1422 2030 Ι

80 2058 225 2093 diolede
251 2057 391 2091 uersati
411 2057 447 2091 P
479 2056 610 2091 dioclis
636 2057 776 2091 uersati
808 2056 976 2101 Vyoletus
1011 2056 1189 2090 diuersati
1216 2056 1427 2091 Gronouius

174 2116 243 2150 1111
276 2116 530 2150 desiderantur
555 2115 742 2150 Homerici
766 2125 892 2150 uersus
918 2115 1092 2150 librorum
1117 2114 1226 2148 IIII
1232 2135 1273 2139 —
1285 2114 1382 2148 ΧΙΙ

81 2169 101 2199 2
128 2164 297 2206 Namque
323 2162 360 2196 P
381 2173 470 2197 corr.
492 2162 682 2197 Auaoztius
703 2164 708 2206 ι
738 2162 848 2207 adeo]
878 2161 987 2196 adam
1017 2162 1077 2205 ΡΙ
1106 2160 1232 2196 ualide
1258 2161 1425 2196 alacede-

79 2222 207 2246 monos
234 2210 270 2244 P
293 2209 341 2243 ad
366 2209 657 2244 Lacedaemonis
684 2211 874 2244 Auantc'us
903 2211 906 2252 Ι
940 2211 1037 2243 artes
1066 2210 1102 2243 P
1125 2219 1215 2243 corr.
1237 2209 1428 2243 Amantius

128 2262 147 2292 6
174 2268 254 2291 suo:
281 2257 340 2291 sed
367 2267 387 2290 o
413 2257 454 2290 in
480 2267 498 2290 e
525 2267 615 2292 corr.
644 2256 680 2291 P
763 2260 782 2291 7
811 2267 958 2301 ogygya
987 2256 1047 2299 ΡΙ
1069 2255 1220 2299 nimphe
1247 2255 1305 2296 ΡΙ
1328 2255 1425 2300 caly-

81 2305 187 2350 psoni
215 2305 250 2338 P
346 2307 366 2337 8
393 2303 503 2349 quae]
531 2315 637 2347 queq3
668 2304 703 2337 P
727 2315 817 2338 corr.
840 2304 1028 2338 Amantius
1050 2304 1055 2347 1
1085 2303 1260 2347 protheus
1280 2302 1316 2336 P
