1563 2511
615 63 935 103 —153—

107 169 226 211 Mitis
258 168 333 209 ubi
366 170 407 209 et
438 168 587 222 riguae
619 168 743 221 larga
774 167 1044 221 indulgentia
1075 171 1232 222 terrae,

107 228 195 269 Ver
226 228 403 282 longum
435 227 697 281 brumaeque
728 240 843 267 nouo
876 240 970 267 oum
1004 227 1093 267 sole
1125 229 1318 281 tepentes
1420 241 1453 265 10

109 286 395 339 Aestifluique
428 299 592 339 amnes,
626 299 807 339 quorum
839 284 942 339 iuga
973 285 1089 325 uitea
1122 286 1269 327 subter

109 346 295 387 Feruent
327 358 561 398 aequoreos
594 343 765 384 imitata
797 343 956 384 fluenta
987 346 1167 386 meatus.

111 404 314 454 Quadrua
345 418 565 444 murorum
598 402 778 456 speeies,
811 401 872 443 sic
903 402 1094 443 turribus
1128 403 1226 444 altis
1394 415 1460 446 140

109 463 274 514 Ardua,
304 464 353 503 ut
385 462 524 503 aerias
556 461 719 502 intrent
749 460 926 516 fastigia
958 461 1104 502 nubes.

111 522 353 563 Distinctas
386 521 553 562 interne
586 521 679 561 uias
712 520 885 574 mirere,
918 519 1141 561 domorum

110 580 381 635 Dispositum
415 582 457 621 et
488 580 599 621 latas
631 593 790 620 nomen
825 593 994 620 seruare
1027 579 1213 632 plateas,
1430 592 1462 616 15

112 640 220 681 Tum
251 639 558 693 respondentes
592 638 753 679 directa
786 639 829 678 in
862 638 1050 691 compita
1083 640 1249 693 portas;

112 699 195 741 Per
227 697 500 752 mediumque
533 697 651 738 urbis
684 697 853 738 fontani
886 696 1073 737 fluminis
1109 696 1297 750 alueum,
1397 708 1462 738 145

114 758 247 807 Quem
281 759 402 810 pater
435 756 628 798 Oceanus
662 756 794 797 refluo
829 770 923 797 eum
956 756 1200 809 impleuerit
1232 759 1371 809 aestu,

113 816 272 857 Adlabi
303 818 443 857 totum
477 815 693 869 spectabis
727 815 936 855 elassibus
971 829 1141 868 aequor.

175 875 286 923 Quid
307 889 540 916 memorem
560 874 687 915 Pario
710 876 954 915 contectum
976 887 1188 914 marmore
1208 872 1370 914 fontem
1431 885 1466 909 20

113 934 266 987 Euripi
296 933 462 974 feruere
495 933 635 974 freto?
669 935 829 987 quanta
862 932 975 973 unda
1007 931 1224 986 profundi!

116 993 311 1042 Quantus
326 993 372 1033 in
389 1006 512 1033 amne
526 993 688 1033 tumor!
710 993 866 1043 quanto
886 991 971 1032 ruit
986 991 1157 1046 agmine
1171 1005 1376 1044 praeceps
1399 1002 1465 1031 150

114 1051 325 1107 Mai-ginis
360 1051 518 1092 extenti
550 1051 615 1091 bis
650 1065 752 1091 sena
783 1065 858 1104 per
891 1050 1005 1091 ostia
1038 1064 1182 1103 cursu,

115 1111 370 1152 Innumeros
401 1110 552 1164 populi
583 1124 669 1150 non
702 1124 906 1163 umquam
939 1109 1170 1150 exhaustus
1205 1108 1257 1148 ad
1289 1110 1411 1149 usus!

116 1169 242 1211 Hunc
275 1183 468 1223 cuperes,
500 1182 574 1209 rex
607 1167 749 1222 Mede⁷
782 1168 868 1208 tuis
902 1168 1150 1222 contingere
1184 1167 1353 1220 castris,
1434 1178 1467 1203 25

115 1228 317 1269 Flumina
350 1229 603 1281 consumpto
638 1242 733 1268 oum
768 1226 957 1268 defecere
990 1228 1153 1276 meatu,

117 1287 257 1329 Huius
288 1286 420 1328 fontis
455 1301 586 1340 aquas
619 1286 871 1340 peregrinas
904 1285 1014 1326 ferre
1047 1300 1122 1338 per
1152 1285 1298 1339 urbes,
1402 1295 1467 1325 155

117 1346 262 1388 Vnum
295 1360 370 1399 per
403 1348 576 1386 cunetas
609 1345 761 1386 solitus
793 1346 943 1398 potare
978 1342 1218 1397 Choaspen.

179 1404 323 1459 Salue,
354 1404 450 1446 fons
484 1405 633 1459 ignote
667 1406 781 1457 ortu,
815 1418 951 1453 sacer,
984 1403 1111 1456 alme,
1144 1402 1364 1456 perennis,

119 1463 286 1517 Vitree,
319 1463 487 1518 glauce7
519 1462 748 1517 profunde,
781 1477 954 1515 sonore⁷
986 1462 1166 1515 inlimis,
1200 1475 1343 1515 opaoe.
1436 1473 1469 1497 30

219 1595 296 1626 137.
326 1594 391 1625 138
425 1601 490 1624 uer
516 1589 668 1634 longum
695 1589 900 1633 brumaque
926 1589 1049 1623 breuis
1081 1589 1169 1634 iuga
1201 1588 1355 1623 frondea
1382 1588 1471 1623 sub÷

123 1641 233 1684 (nouo
262 1657 304 1663 —-
332 1648 486 1682 quorum
512 1640 592 1680 om.)
623 1637 659 1670 P
687 1647 837 1681 quocum
870 1637 1045 1671 consentit
1073 1636 1105 1670 T
1138 1637 1201 1681 qui
1227 1640 1259 1670 et
1283 1636 1413 1670 bruma
1439 1639 1470 1670 et

120 1709 245 1744 breuis
270 1709 375 1743 habet
400 1709 589 1752 eademque
613 1708 725 1742 uerba
751 1708 881 1742 omisit.
970 1710 1037 1741 138
1066 1707 1135 1741 esti
1160 1707 1241 1741 fluit
1268 1692 1290 1749 (ἶ
1324 1706 1358 1740 V
1380 1717 1471 1741 corr.

129 1757 281 1791 Viuetus
307 1757 418 1799 atque
445 1755 623 1790 Heinsius
645 1755 649 1800 Ι
678 1756 724 1789 αῖ.
752 1766 796 1788 m.
823 1757 846 1797 ἦ-
873 1756 998 1789 uersui
1017 1755 1189 1798 praefloea
1222 1754 1279 1797 V!
1307 1753 1409 1788 uitea
1441 1753 1474 1787 V

123 1803 278 1839 frondea
305 1803 384 1837 PT
478 1805 543 1836 139
579 1802 731 1837 ‘imitata
765 1802 801 1835 P
894 1806 959 1836 141
1000 1812 1126 1836 aereas
1162 1801 1240 1834 PT
1333 1812 1371 1835 u.
1406 1804 1471 1834 142

123 1852 217 1886 deest
239 1850 318 1884 PT
335 1852 340 1894 1
363 1849 537 1884 distincte
566 1849 599 1882 V
622 1859 712 1885 corr.
734 1848 895 1893 Scaziqer
918 1850 922 1895 Ι
944 1848 1104 1894 mirei-ess
1128 1850 1200 1892 (pr.
1228 1860 1246 1881 1·
1271 1849 1318 1883 al.
1339 1858 1411 1892 pro
1438 1858 1471 1889 s3

125 1899 187 1933 alt.
215 1909 234 1932 e
261 1909 304 1932 ex
330 1908 369 1932 er
393 1897 452 1931 uel
478 1899 515 1931 et
541 1897 647 1940 corr.)
680 1896 714 1930 V
810 1899 875 1930 143
904 1895 1085 1940 dispositu
1112 1896 1170 1940 Pl
1199 1894 1349 1939 placeas
1375 1895 1411 1929 P

127 1948 194 1979 144
222 1943 383 1989 oompite
411 1943 445 1977 V
540 1947 606 1977 145
633 1942 791 1978 alioeum
818 1944 854 1978 P
949 1946 1015 1977 146
1043 1954 1155 1986 quum
1188 1942 1221 1974 V
1317 1945 1382 1976 147
1411 1941 1472 1974 ad-

125 2016 203 2050 labi
223 2015 259 2049 P
281 2015 405 2049 adiaui
427 2014 460 2046 V
532 2017 598 2048 148
626 2015 834 2048 contectam
858 2014 894 2047 P
968 2017 1032 2047 140
1060 1998 1186 2057 wip&
1208 2013 1269 2057 (az.
1287 2024 1311 2056 y
1331 2012 1390 2056 ss.)
1413 2011 1469 2052 V3

125 2063 270 2097 feruore
298 2063 359 2106 ΡΙ
382 2061 481 2096 unda
509 2061 544 2095 P
567 2061 699 2095 umbra
732 2061 766 2095 V
861 2065 928 2095 150
955 2062 1047 2095 deest
1081 2060 1137 2103 V}
1161 2060 1245 2104 §ces
1274 2060 1310 2092 P
1407 2062 1470 2092 151

126 2109 266 2154 margis
290 2109 349 2154 ΡΙ
379 2108 519 2143 extenti
550 2108 584 2141 V
606 2108 770 2142 contenti
796 2109 855 2151 Pl
883 2108 1006 2142 hostia
1032 2108 1090 2151 P}
1120 2118 1246 2141 cursus
1275 2106 1311 2139 P
1408 2109 1473 2138 152

127 2158 220 2191 deest
240 2157 298 2201 P}
321 2158 493 2190 exaustus
514 2155 549 2190 V
620 2159 685 2189 153
712 2166 775 2189 rex
801 2166 839 2199 re
864 2155 1016 2189 medetl'
1040 2154 1076 2188 P
1148 2158 1215 2188 154
1242 2153 1473 2196 comsumpto

136 2204 169 2237 V
196 2206 201 2247 1
236 2215 348 2247 quum
380 2203 415 2237 V
449 2213 558 2247 quem
586 2202 645 2246 (fb)
673 2202 709 2236 P
804 2206 869 2236 155
898 2201 1031 2246 Huius]
1066 2201 1155 2235 Uius
1189 2201 1223 2234 V
1319 2203 1383 2233 156
1410 2210 1476 2242 per

130 2253 279 2285 cunetas
308 2251 344 2284 P
372 2261 437 2295 per
464 2252 596 2284 cuneta
628 2249 661 2282 V
693 2260 780 2293 prae
807 2249 949 2283 cunctis
975 2249 1154 2282 Heinsius
1183 2251 1186 2288 Ι
1221 2247 1369 2291 portare
1403 2245 1479 2279 VP

130 2307 221 2332 corr.
243 2297 421 2332 Heinsius
452 2299 456 2340 Ι
491 2308 649 2341 coaspen
677 2297 713 2330 P
797 2300 861 2330 157
891 2296 992 2330 salbe
1027 2295 1059 2328 V
1140 2297 1204 2327 153
1231 2292 1344 2326 uitree
1372 2294 1402 2337 (r
1428 2293 1474 2326 αῖ.
