1563 2511
665 68 955 109 —92—

140 173 256 215 Hinc
287 173 382 216 fora
413 174 646 216 dissultant
678 175 955 228 clamoribus,
985 174 1087 216 hinc
1117 174 1270 216 furiosi
1447 185 1490 217 10

140 232 290 287 Iurgia
322 236 422 274 sunt
453 232 573 287 circi,
605 234 776 275 cuneati
806 233 905 275 hinc
937 234 1052 275 laeta
1084 234 1245 275 theatri

142 290 327 342 seditio,
358 294 401 332 et
432 292 542 333 tales
576 293 716 347 agitat
747 307 915 347 quoque
948 293 1065 334 curia
1096 292 1205 334 lites.

142 349 355 405 Coniugia
387 353 429 392 et
459 352 550 392 nati
582 365 679 393 cum
710 351 906 405 patribus
941 351 1029 393 ista
1061 351 1217 406 quietis

140 408 286 451 Verba
319 412 468 450 serunt
501 409 654 451 studiis
687 410 810 451 salua
841 411 1004 464 pietate
1036 410 1270 464 loquentes,

139 468 253 509 Hinc
286 468 418 510 etiam
450 469 629 522 placidis
662 469 810 510 schola
843 483 1032 511 consona
1064 468 1316 523 disciplinis
1447 478 1492 509 15

139 527 419 582 Dogmaticas
453 527 634 582 agitat*
655 527 824 582 placido
858 528 1090 569 certamine
1122 528 1238 581 lites,

139 585 252 627 Hinc
285 587 423 627 omnis
456 590 594 628 certat
627 586 854 628 dialectica
885 587 1013 628 turba
1045 586 1289 641 sophorum.

138 643 321 686 Estne*
342 645 462 686 dies?
498 648 563 687 est
595 659 696 701 ergo
730 645 837 687 dies!
881 645 982 688 Non
1015 645 1218 687 conuenit
1249 646 1378 699 istuc3

139 703 252 745 Nam
283 703 451 745 facibus
485 704 633 745 multis
667 706 741 746 aut
772 704 1011 759 fulgeribus
1045 705 1244 759 quotiens
1276 704 1349 745 lux

141 762 222 804 Est
253 766 465 804 nocturna
496 763 681 817 homini,
712 777 800 804 non
832 766 896 804 est
926 763 1000 804 lux
1031 763 1116 804 ista
1149 763 1244 805 diei.
1447 773 1494 804 20

139 821 222 863 Est
251 824 294 862 et
319 821 419 863 Non
451 822 603 876 igitur,
635 822 832 876 quotiens
864 822 1003 863 lucem
1036 836 1128 863 esse
1160 821 1381 863 fatendum
1414 824 1492 872 est,

141 879 215 921 Set
247 895 334 922 non
368 895 460 921 esse
493 880 618 921 diem.
669 880 789 921 mille
820 880 920 922 hinc
953 881 1189 922 certamina
1221 884 1421 936 surgunt,

140 938 254 981 Hinc
286 953 434 992 rauco,
466 939 591 980 multi
624 953 793 994 quoque
825 939 935 980 talia
967 939 1323 981 commeditantes

140 997 358 1039 Murmure
391 998 594 1040 concluso
628 998 801 1039 rabiosa
833 999 1004 1040 silentia
1036 999 1202 1040 rodunt.

141 1056 289 1106 Qualis
315 1057 407 1098 uita
433 1057 675 1112 hominum,
708 1057 791 1099 duo
818 1072 946 1112 quam
974 1058 1274 1111 monosyllaba
1299 1058 1492 1098 uei-sant!

239 1211 280 1242 11
309 1207 424 1251 laeta]
446 1208 524 1242 lata·
543 1208 708 1251 Schenkl,
728 1209 835 1243 tanta
848 1208 1005 1243 Ribbeck·
1028 1209 1031 1254 Ι
1054 1208 1167 1243 teatri
1182 1208 1215 1243 G
1279 1212 1320 1243 13
1342 1209 1400 1243 sta
1416 1207 1450 1242 V

144 1258 187 1289 14
207 1254 394 1299 loquentis
409 1255 446 1289 P
518 1259 559 1290 15
581 1255 682 1290 scola
696 1255 774 1290 GP
846 1259 887 1290 16
908 1256 1056 1300 placido
1077 1256 1191 1290 VGP
1213 1268 1264 1291 αη
1283 1255 1444 1290 blando?

143 1306 185 1336 17
214 1312 341 1336 omnes
370 1301 403 1336 G
426 1304 432 1346 Ι
454 1302 631 1337 dialetica
660 1302 693 1337 G
716 1302 719 1347 1
743 1303 872 1337 turbas
899 1303 933 1337 G
1016 1306 1060 1338 18
1087 1307 1191 1338 estne
1218 1303 1296 1338 dies
1323 1304 1380 1338 est
1404 1313 1492 1348 ergo

141 1348 221 1383 dies
253 1348 373 1384 VGP
414 1351 470 1384 est
500 1349 578 1384 lux:
616 1351 719 1384 estne
753 1348 830 1384 dies
863 1361 951 1395 ergo
977 1351 1096 1385 Basiz.
1123 1361 1149 1386 s.
1178 1350 1258 1384 XV
1278 1351 1347 1384 alii
1379 1351 1384 1395 Ι
1419 1362 1492 1385 non

140 1407 207 1431 om.
236 1396 315 1431 GP
343 1397 404 1431 sed
436 1397 572 1431 lacuna
597 1400 619 1431 3
646 1398 704 1432 uel
728 1399 750 1431 4
776 1398 843 1431 litt.
870 1399 911 1432 in
936 1397 973 1432 P
1009 1400 1014 1442 Ι
1054 1397 1138 1432 istic
1169 1397 1284 1432 VGP
1316 1397 1399 1440 (stic
1430 1397 1493 1440 V),

140 1443 237 1478 istuc
263 1443 380 1478 Basa.
408 1447 440 1478 et
471 1444 567 1479 Voss.
595 1448 654 1479 81.
680 1455 707 1478 s.
738 1444 817 1477 XV
838 1448 869 1479 et
897 1445 1051 1479 XIIII
1147 1449 1188 1479 19
1210 1446 1292 1490 saut
1317 1445 1367 1479 ΡΒ
1389 1446 1393 1486 1
1421 1443 1492 1478 ful—

139 1491 291 1535 geribus
323 1490 394 1525 VG
432 1491 640 1535 fulgoribus
669 1492 705 1525 P
799 1494 844 1526 20
869 1492 1024 1526 hominfi
1052 1493 1088 1526 P
1121 1492 1124 1538 Ι
1160 1494 1217 1527 sta
1247 1491 1282 1526 V
1302 1492 1356 1526 ita
1382 1491 1415 1525 G

141 1541 183 1572 21
218 1539 277 1572 est
309 1548 374 1572 om.
401 1538 439 1572 P
532 1542 575 1572 22
611 1539 681 1584 set]
715 1538 748 1572 V
841 1543 885 1573 23
911 1539 973 1574 hic
1004 1539 1119 1575 VGP
1158 1539 1245 1574 hinc
1271 1552 1295 1573 α
1336 1541 1340 1583 Ι
1380 1549 1491 1573 rauco

140 1585 271 1629 Peiper
296 1584 399 1619 rauci
424 1585 586 1620 Ribbeck
611 1585 720 1630 pauci
751 1585 901 1667 VGPR
925 1585 1229 1622 commeditantes
1260 1586 1295 1620 V
1363 1589 1408 1620 24
1434 1597 1491 1621 ra-

139 1631 245 1667 uiosa
275 1631 310 1666 V
340 1634 344 1676 ξ
378 1632 512 1667 fodent
540 1632 573 1667 G
671 1636 714 1667 25
741 1633 886 1668 monosi
905 1634 990 1668 laua
1017 1634 1052 1679 (b
1079 1646 1122 1670 ωε
1147 1646 1171 1668 u
1196 1634 1260 1677 αἶ.)
1292 1633 1326 1667 V
1365 1644 1493 1668 mono-

141 1687 270 1737 sill‘i‘ba
296 1703 358 1746 (αῖ.
386 1705 492 1743 corr.)
519 1703 555 1738 P
595 1704 817 1748 monosyilla
844 1703 877 1739 G
912 1707 915 1748 Ι
956 1703 1119 1749 Explicit
1145 1705 1281 1749 egloga
1306 1708 1402 1749 sen-p
1429 1703 1462 1738 G

140 1746 269 1795 Expl'c
296 1749 430 1794 egloga
457 1762 567 1796 supra
595 1751 733 1796 scripta
759 1751 795 1785 P
