1563 2511
542 59 599 64 --
660 46 855 76 LXXXIIII
921 60 969 64 -—

168 147 212 181 Π.
246 139 315 181 De
349 141 481 182 rosis
515 141 864 183 nascentibus.
912 140 995 182 hoc
1027 154 1198 182 carmen
1224 140 1429 183 traditum

80 202 146 240 est
184 199 401 241 codicibus
439 200 655 241 quenalis
695 199 781 241 ludi
819 200 972 250 libelli,
1015 199 1125 254 quod
1164 199 1429 254 Vergilianis

80 258 280 313 operibus
313 258 629 313 praefigebatur
661 259 776 300 olim.
827 259 910 300 uid.
943 273 1071 312 supra
1103 274 1142 311 p.
1167 257 1257 299 LV.

167 324 231 359 III.
263 316 482 359 Nomina
513 317 782 359 Musarum.
825 318 939 358 inter
974 316 1225 358 Ausoniana
1264 317 1427 370 primus

78 376 228 417 retulit
258 375 441 418 Vinctus
475 391 525 417 ex
557 377 771 418 minorum
808 376 1046 417 carminum
1079 375 1429 430 Vergilianorum

79 435 344 476 conlectione
377 436 650 478 Ascensiana.
702 435 783 476 duo
811 438 979 476 tantum
1007 434 1139 488 selegi
1166 434 1345 488 codices,
1378 435 1429 476 ad

79 508 261 548 quorum
288 509 482 535 normam
505 495 582 536 hos
604 509 752 535 uersus
773 494 953 546 ederem,
973 493 1015 535 S.
1038 492 1269 534 Gallensem
1291 494 1430 535 Auso-

78 552 199 593 niani
230 552 449 607 Florilegii
485 553 639 594 librum
667 557 750 595 899
784 567 815 593 s.
843 552 892 605 X,
927 552 999 593 ubi
1032 552 1188 606 legitur
1220 567 1258 606 p.
1287 553 1355 603 65,
1388 556 1429 594 et

82 611 342 653 Tzcrc'censem
376 612 430 653 78
458 610 615 668 (451‘2)
650 627 679 653 5.
715 610 956 653 ῩΤΙΙΠ-Χ,
1007 626 1056 651 ex
1090 611 1272 652 aliorum
1305 612 1431 653 turba

76 669 238 711 sufficit
278 684 636 712 commemorasse
671 670 1025 712 Caroliruhensem
1055 674 1110 711 36
1144 685 1173 711 5.
1201 669 1431 712 VIIII—X

78 743 173 770 cum
204 729 397 770 Vossiano
420 730 453 782 Q
472 733 527 771 33
555 744 584 770 5.
606 729 656 782 X,
684 744 790 784 quos
817 729 1022 784 gemellos
1050 729 1179 769 etiam
1207 729 1250 769 in
1271 730 1430 785 eclogis

78 789 127 828 de
163 788 257 829 uiro
290 789 404 829 bono
438 791 481 829 et
513 788 562 830 de
589 788 671 830 Est
704 792 746 829 et
771 788 871 829 Non
903 788 1005 829 olim
1038 787 1218 841 probaui
1240 785 1430 843 (Ueberl.

77 861 117 900 p.
145 845 268 902 307);
304 846 459 888 Catoni
491 848 535 888 in
561 848 628 888 his
656 847 778 888 libris
807 847 1065 888 adscribitur
1092 861 1274 887 carmen.
1320 847 1429 888 addo

78 906 251 946 tertium
291 920 369 959 par
406 907 614 947 librorum
647 920 697 947 ex
729 906 874 947 eodem
909 905 1027 947 fonte
1061 905 1318 960 deriuatum,
1357 907 1430 947 sed

78 964 388 1018 interpolatum
416 964 789 1019 Cantabriyiensem
814 964 856 1006 S.
883 964 998 1006 Trin.
1027 964 1060 1005 O
1080 967 1120 1018 4,
1139 967 1191 1005 11
1218 979 1248 1005 s.
1268 964 1431 1006 X—XI

79 1038 173 1064 cum
202 1023 401 1065 Parisino
429 1027 541 1066 7930
573 1039 603 1065 s.
630 1023 710 1065 XI:
744 1024 793 1065 de
821 1025 986 1077 ceteris,
1020 1038 1202 1078 quorum
1226 1038 1429 1066 numerus

78 1097 252 1123 arenam
279 1083 424 1137 uincit,
456 1098 508 1124 ne
534 1084 666 1124 uerbo
700 1083 870 1137 quidem
899 1097 1005 1137 opus
1032 1085 1107 1123 est.
1154 1080 1226 1137 (cf.
1253 1082 1428 1126 Anthol.

77 1141 153 1182 lat.
182 1140 294 1183 Ries.
322 1142 419 1191 664,
446 1141 665 1183 Baehrens
693 1141 822 1182 PLM
852 1141 916 1182 III
937 1141 1036 1195 243,
1064 1140 1246 1183 Schenkl
1272 1157 1313 1195 p.
1333 1143 1430 1184 251.

165 1206 246 1241 IIII.
288 1201 344 1241 de
385 1201 549 1256 signis
589 1201 905 1242 caelestibus
940 1215 1127 1252 carmen,
1168 1201 1280 1254 quod
1314 1200 1429 1255 Vgo-

77 1259 189 1300 letus
222 1259 385 1313 primus
418 1260 531 1301 inter
557 1259 808 1301 Ausoniana
841 1259 985 1313 edidit,
1019 1259 1246 1300 Accursius
1275 1274 1323 1301 ex
1344 1259 1428 1301 Va-

77 1317 231 1359 ticanis
252 1318 374 1359 libris
396 1318 561 1360 duobus
583 1319 802 1360 Prisciano
824 1318 1068 1372 adscripsit3
1091 1317 1281 1372 Scaliger
1297 1319 1429 1372 (lectt.

77 1376 242 1418 Auson.
262 1376 305 1417 ΙΙ
332 1377 407 1432 29)
442 1379 707 1432 antiquiores
741 1381 865 1431 putat
886 1376 1149 1430 Hieronymo
1175 1377 1252 1418 hos
1281 1393 1429 1420 uersus

78 1450 173 1477 cum
226 1436 285 1476 eis
338 1437 407 1490 qui
461 1437 673 1478 coniuncti
718 1437 919 1491 leguntur
963 1436 1007 1476 in
1048 1436 1271 1477 Cuiaciano
1317 1437 1428 1479 libro

80 1493 206 1548 (adde
227 1495 449 1548 Reyinensc·
468 1499 563 1548 438,
591 1511 640 1537 ex
668 1499 787 1548 parte
810 1495 937 1536 etiam
960 1494 1182 1537 SGallewsa·
1200 1498 1296 1549 250,
1323 1510 1428 1550 quos

79 1553 306 1607 descripsit
326 1553 615 1595 EDuemmler
636 1553 854 1595 NArchiu.
874 1553 959 1594 IIII
977 1554 1074 1606 309,
1096 1554 1211 1609 aliis)
1233 1556 1324 1597 scil.
1344 1556 1429 1597 An-

77 1613 300 1667 thologiae
326 1613 440 1655 Ries.
472 1613 699 1667 poematiis
728 1614 812 1654 [376
835 1627 924 1666 sqq.
971 1612 1021 1653 of.
1055 1612 1271 1654 Baehrens
1300 1613 1374 1654 PL
1386 1615 1427 1655 M

77 1670 118 1712 V
145 1671 230 1712 349
253 1686 342 1726 sqq.
376 1673 587 1727 integrius
621 1687 748 1726 quam
781 1673 825 1712 in
852 1673 1002 1713 ceteris
1031 1672 1187 1727 legitur
1212 1673 1256 1713 in
1285 1673 1428 1715 Valen-

78 1731 192 1771 tiano
211 1734 295 1772 393
315 1730 399 1785 (V)
427 1730 733 1773 Carolirulzensi
752 1731 858 1784 Any.
879 1734 962 1772 167
984 1729 1071 1786 (C),
1111 1731 1306 1773 Vaticano
1332 1732 1428 1786 Rey.

77 1790 161 1831 ,215
199 1787 336 1845 (Vat.)
379 1805 410 1831 s.
443 1789 571 1831 VHII
610 1790 801 1843 scriptis,
847 1790 1040 1832 Gudiano
1075 1793 1160 1831 132
1199 1806 1230 1831 5.
1262 1791 1299 1831 X
1338 1791 1428 1847 (G).

78 1847 230 1888 horum
265 1848 468 1890 lectiones
503 1864 553 1889 ex
574 1848 708 1889 Riesii
732 1848 816 1904 (V)
844 1852 885 1890 et
906 1848 1156 1890 Baehrensii
1185 1847 1240 1901 (C
1257 1850 1344 1891 Vat.
1367 1850 1426 1907 G)

80 1907 397 1960 exemplaribus
432 1906 609 1963 hausi.*)

78 2033 226 2067 uidetur
252 2045 355 2075 usus3
384 2034 478 2069 adde
504 2034 618 2068 libros
646 2035 708 2078 qui
728 2038 872 2069 tantum
895 2048 927 2069 u.
949 2039 1035 2069 1-7
1058 2035 1197 2069 habent
1225 2035 1427 2071 Venslobma.

78 2083 190 2123 2521,
219 2080 474 2116 Voram'ensem
494 2085 574 2123 111,
601 2082 853 2117 Monacensem
872 2086 992 2117 1450&
1013 2097 1037 2117 s.
1060 2082 1127 2116 XII
1147 2082 1317 2127 scriptos,
1345 2083 1426 2118 Mo-

80 2138 160 2162 ozac.
185 2130 280 2162 5417
306 2140 332 2163 s.
355 2127 432 2170 XV,
459 2129 522 2172 qui
547 2129 663 2163 habet
688 2141 748 2164 uu.
773 2134 871 2164 1-6,

173 2174 204 2218 *)
232 2174 432 2210 deteriores
457 2177 543 2210 sunt
563 2187 584 2209 a
604 2176 726 2211 Itiesio
750 2176 905 2211 conlati:
938 2177 1176 2211 Valentinum&
1191 2179 1263 2211 330
1276 2179 1314 2203 '¹¹³⁵‘
1336 2189 1362 2211 5.
1383 2176 1426 2220 X,

80 2221 202 2256 Paris.
226 2225 344 2256 12117
365 2221 675 2267 (SGe1·man.434)
704 2235 730 2258 s.
746 2224 808 2265 XI,
829 2224 950 2259 Paris.
973 2227 1065 2259 5371
1089 2238 1114 2259 s.
1136 2223 1239 2263 XIII;
1267 2235 1288 2258 a
1308 2224 1425 2259 Baeh-

78 2269 218 2303 rensio:
246 2269 419 2304 Laurent.
449 2269 582 2304 Strosz.
610 2273 657 2304 46
684 2289 707 2303 5.
735 2271 850 2313 XIIII,
878 2272 1092 2316 Regyz'nensis
1111 2275 1184 2306 433
1211 2283 1237 2305 s.
1267 2272 1315 2315 X,
1343 2271 1426 2306 Lei-
