1563 2511
630 49 943 90 —470—

256 156 428 208 tem-pore,
451 153 637 207 Romanos
663 152 919 196 manifestum,
949 152 1124 196 quoniam
1152 154 1187 187 et
1213 152 1464 197 pulmentaria

185 253 228 284 68
255 201 608 284 ffggffogicggqrvn
627 251 647 282 8
675 248 712 282 et
737 247 807 281 1100
835 257 983 291 quaero,
1011 245 1174 281 Auienus
1201 247 1264 290 ait,
1291 258 1355 281 cur
1380 247 1462 282 faex

254 297 293 331 in
330 296 406 331 imo
445 293 605 330 subsidit
645 293 810 329 omnium
847 294 918 328 nisi
958 294 1095 337 mellis,
1132 294 1205 328 mel
1244 294 1360 328 solum
1397 296 1463 338 est,

255 344 353 387 quod
379 343 417 378 in
443 354 626 377 summum
650 341 792 376 faecem
819 344 977 386 expuat?

185 395 227 426 69
255 390 300 425 ef.
329 389 435 425 Ouid.
462 390 511 424 M.
538 388 623 424 XIII
651 392 730 424 395.

114 449 147 484 X
176 454 216 485 71
246 449 354 485 Ouid.
374 450 410 484 F.
431 449 466 483 II
486 453 554 484 232
583 459 671 492 aper
693 477 699 483 .
722 475 729 483 .
752 475 758 483 .
785 447 965 482 fulmineo
988 477 993 483 .
1017 477 1022 483 .
1047 477 1051 482 .
1074 449 1142 482 'ore
1170 447 1214 482 cf.
1241 447 1309 482 Ars
1331 446 1364 481 II
1384 449 1464 482 374.

257 495 290 533 (1
315 496 382 542 Ep.
410 496 514 531 XIIII
541 499 584 531 32
612 494 791 530 fulmineo
817 495 930 531 hosti.

186 548 228 580 76
257 543 290 580 (1
316 555 373 589 ep.
404 547 458 587 52,
487 548 516 577 1.
961 549 965 553 *

185 596 228 626 77
255 591 395 636 Vergil.
422 591 455 624 A
481 590 514 624 V
542 594 608 625 180
636 589 805 634 siccaque
832 589 869 624 in
895 599 995 633 rupe.

186 643 228 674 79
255 637 347 673 Plin.
374 650 409 673 n.
437 638 471 672 h.
499 636 637 671 XXVII
670 641 712 672 10
744 637 910 671 nascitur
940 636 978 670 in
1009 636 1118 670 nudis
1144 635 1333 679 cautibus,
1372 646 1464 680 quas

256 696 391 720 aeonas
416 685 626 727 nominant,
655 686 692 719 et
717 684 800 718 ideo
828 683 1016 719 aconitum
1043 682 1160 727 aliqui
1185 683 1309 718 dixere
1337 681 1404 718 e'tc.

185 737 229 768 90
256 732 417 768 Martial.
445 731 548 766 VIIII
575 735 632 775 207
659 734 679 765 8
707 730 873 765 semiuiri
899 759 906 766 .
936 758 942 764 .
971 759 976 765 .
1005 731 1182 775 Phryges.

185 783 227 814 91
257 779 301 814 ef.
330 779 458 815 Cicero
485 790 551 823 pro
578 778 712 813 Flacco
740 781 796 821 27,
824 782 879 813 65.

186 831 230 861 94
258 825 363 862 Ouid.
390 827 428 861 F.
457 825 508 860 VI
536 829 602 860 131
631 837 709 870 sqq.
763 824 905 861 Statius
931 824 998 860 Th.
1027 825 1043 860 I
1070 828 1136 860 597
1165 837 1244 870 sqq.

258 873 291 910 (I
317 872 444 918 Griph.
473 877 493 908 8
521 884 624 908 secus
652 873 843 908 muliebre.

163 924 230 955 103
258 920 466 965 Symmaeh.
488 932 543 965 ep.
565 919 668 954 VIIII
697 923 764 955 110
790 921 832 954 ut
855 920 966 964 plane
992 918 1189 955 Homerica
1215 919 1466 964 appellatione

258 967 317 1013 [Il.
343 967 430 1002 XXI
459 968 540 1013 163]
576 979 660 1002 usus
693 967 926 1011 περιδέξιον,
958 967 997 1001 id
1029 969 1084 1002 est
1116 966 1394 1011 aequimanum,
1429 969 1466 1003 te

257 1026 337 1050 esse
364 1016 614 1060 pronuntiem.
655 1014 699 1049 cf.
726 1014 854 1050 Isidor.
883 1014 984 1060 Orig.
1011 1015 1043 1049 X
1069 1018 1125 1049 21.

117 1074 186 1108 XII
215 1078 280 1109 107
309 1074 341 1111 (I
367 1073 521 1119 Ephem.
550 1078 581 1108 5.

167 1125 232 1156 112
259 1121 354 1158 Plin.
382 1134 415 1156 n.
442 1122 477 1157 h.
499 1121 583 1156 VIII
606 1125 674 1156 223
701 1123 788 1166 (non
808 1124 891 1164 221)
918 1121 1069 1165 (mures)
1097 1132 1180 1155 cum
1208 1119 1357 1156 candidi
1383 1131 1465 1166 pro-

255 1179 408 1212 uenere,
437 1169 577 1204 laetum
604 1169 745 1203 faciunt
772 1172 970 1204 ostentum.
1006 1179 1093 1202 nam
1120 1167 1281 1203 soricum
1313 1170 1467 1203 occentu

257 1215 383 1263 dirimi
410 1215 576 1261 auspicia
603 1215 749 1251 annalis
781 1217 937 1251 refertos
963 1215 1154 1250 habemus,
1190 1214 1233 1249 cf.
1262 1215 1344 1250 Val.
1371 1215 1466 1250 Max.

113 1321 198 1356 XIII
228 1325 293 1357 120
328 1321 360 1358 (I
399 1322 442 1357 cf.
482 1322 549 1367 Ep.
588 1321 762 1356 XXVIIII
795 1326 838 1357 36
873 1333 925 1366 sq.
964 1333 1037 1356 una
1080 1321 1152 1356 fuit
1195 1322 1352 1364 tantum,
1393 1332 1467 1365 qua

254 1369 478 1414 respondere
492 1368 657 1404 Lacones
678 1369 805 1403 littera
823 1373 860 1404 et
879 1370 974 1403 irato
989 1368 1069 1414 regi
1084 1369 1257 1413 placuere
1275 1370 1464 1414 negantes.

163 1420 230 1451 124
255 1416 402 1450 Persius
430 1416 480 1450 III
508 1420 562 1452 56.
603 1415 704 1451 Seru.
731 1417 778 1450 ad
806 1418 847 1451 A.
875 1416 925 1450 VI
953 1420 1031 1451 136.

255 1463 478 1499 Maximinus
505 1464 549 1498 de
576 1476 599 1507 y
626 1462 753 1498 littera
779 1463 943 1508 (Anthol.
972 1463 1036 1498 lat.
1063 1463 1162 1498 Ries.
1190 1464 1284 1507 632).

163 1514 229 1547 130
254 1510 335 1546 Liu.
357 1511 409 1545 III
429 1515 473 1546 28
495 1521 567 1545 ex.:
593 1510 711 1546 tribus
731 1511 850 1545 hastis
876 1510 1004 1556 iugum
1031 1511 1073 1544 fit
1098 1510 1202 1544 humi
1221 1510 1302 1544 fixis
1324 1510 1466 1545 duabus

256 1568 438 1603 superque
466 1569 527 1593 eas
553 1560 766 1593 transuersa
791 1570 863 1593 una
891 1558 1066 1604 deligata.
1112 1557 1242 1592 Festus
1270 1570 1303 1592 u.
1324 1557 1464 1603 iugum.

163 1609 230 1640 134
257 1605 302 1640 of.
331 1605 425 1642 Gell.
452 1605 485 1639 II
513 1610 544 1649 3,
573 1610 603 1640 1.

164 1657 231 1688 140
257 1653 420 1687 Martial.
446 1652 553 1687 VIIII
582 1657 635 1696 13,
664 1656 682 1688 7
710 1663 856 1695 nomen,
882 1652 981 1697 quod
1007 1652 1121 1697 pinna
1148 1651 1330 1687 scribente
1357 1663 1466 1697 grues

256 1700 303 1735 ad
331 1700 453 1735 sidera
478 1700 627 1735 tollunt.
680 1699 814 1735 Versus
842 1699 887 1733 de
914 1698 1072 1744 aucupio
1101 1703 1143 1733 15
1177 1698 1318 1744 (Haupt
1343 1711 1378 1744 p.
1407 1700 1466 1743 56)

258 1759 326 1814 nrec
352 1748 415 1792 qui
440 1749 478 1783 te
510 1747 678 1782 uolucres
705 1747 848 1790 docuit,
876 1746 1094 1790 Palamede,
1120 1746 1270 1792 figuras.
1329 1747 1465 1782 Lucan.

256 1795 277 1828 ἲ
316 1798 381 1829 711
411 1807 487 1840 sqq.

116 1853 219 1888 XIIII
248 1857 313 1888 143
342 1854 374 1891 {I
402 1853 445 1888 ef.
473 1853 539 1898 Ep.
569 1853 601 1888 X
626 1857 671 1890 26
698 1853 995 1898 λογοδαιὸαλιήν.

164 1904 228 1936 151
256 1901 471 1946 imperium:
504 1901 645 1945 Vergil.
673 1902 716 1936 A.
743 1900 794 1935 IlI
823 1905 839 1935 1
868 1911 925 1936 res
952 1900 1076 1936 Asiae.
1137 1900 1170 1937 (I
1197 1899 1383 1945 Technop.
1410 1903 1464 1936 85.

254 1947 377 1983 litem:
416 1948 545 1983 Horat.
575 1949 609 1983 S.
638 1949 652 1982 Ι
681 1952 713 1991 9,
740 1952 783 1983 41
812 1948 897 1983 tene
923 1947 1130 1992 relinquam
1156 1958 1204 1982 an
1230 1951 1332 1982 rem?

255 2006 445 2030 uenerem:
474 1995 619 2030 Terent.
641 1994 763 2030 Eun.I
788 1999 819 2038 2,
842 1999 885 2030 39
907 1996 1005 2039 (119)
1027 2006 1096 2040 ego
1118 2005 1200 2029 oum
1220 1994 1286 2030 illo
1306 2005 1464 2039 quocum

253 2044 334 2077 tum
360 2053 432 2077 uno
459 2053 537 2077 rem
563 2042 748 2077 habebam
774 2041 935 2087 hospite,
963 2041 1039 2077 abii
1065 2043 1146 2077 hue.

163 2093 226 2125 152
256 2088 288 2126 (1
314 2089 358 2124 cf.
385 2089 544 2125 Mosella
569 2094 636 2125 299
664 2090 892 2125 constratum
919 2089 965 2124 ab
992 2089 1101 2124 litore
1126 2090 1293 2134 pontum.
1344 2093 1346 2095 ’

162 2140 228 2172 155
255 2136 346 2172 lact:
373 2137 491 2172 Varro
519 2136 703 2172 Andabat.
731 2135 764 2170 II
792 2138 850 2180 (26
878 2137 934 2180 B).

161 2189 227 2219 157
255 2184 299 2220 cf.
325 2183 465 2219 Probus
493 2183 598 2219 Cath.
625 2187 681 2227 28,
702 2187 747 2219 27
773 2183 816 2218 K.
844 2195 927 2219 sons
954 2193 1026 2218 non
1052 2183 1137 2228 legi.

162 2236 228 2266 158
256 2231 299 2267 ef.
328 2231 478 2266 Lucian.
505 2231 647 2267 Timon.
675 2235 730 2266 21.
783 2228 962 2266 Πλούτων
991 2251 1033 2255 -—
1061 2230 1231 2270 πλοῦτος.

162 2283 225 2314 161
256 2278 300 2313 cf.
327 2278 446 2313 Varro
473 2279 568 2313 Men.
597 2283 665 2314 390
686 2279 725 2314 B.
753 2279 829 2312 alta
854 2278 927 2313 fros
958 2277 1108 2313 decidit.

162 2330 226 2361 162
256 2324 370 2371 (IEp.
386 2325 485 2361 XXV
500 2329 545 2361 45
560 2337 687 2361 uerum
708 2337 776 2371 ego
799 2336 870 2371 quo
893 2325 1005 2360 stulte
1027 2354 1033 2361 .
1057 2353 1062 2359 .
1085 2325 1229 2360 locutus
1251 2326 1465 2370 prouehor?
