1563 2511
639 63 844 105 —239
910 86 959 92 -

125 168 344 211 uesaniam
370 167 571 221 Choerili,
603 169 651 208 tu
676 167 877 222 ignoscas
905 169 1259 222 magnanimitate
1285 169 1470 211 Alexan-

125 227 201 268 dri.
263 227 308 268 hi
352 227 502 281 igitur,
546 229 594 267 ut
631 225 806 267 Plautus
854 226 931 280 ait,
975 227 1146 268 interim
1191 231 1315 269 erunt
1354 231 1469 269 ante-

125 286 288 340 logium
320 284 576 338 fabularum,
608 284 771 339 garruli
805 287 847 325 et
879 284 1136 338 deceptores.
1199 287 1269 341 qui
1302 301 1468 340 compo·
1495 299 1538 330 2ο

127 345 198 386 siti
225 344 277 385 ad
303 343 656 385 honorificentiae
682 343 945 397 obsequium,
972 344 1024 385 ad
1046 345 1212 386 aurium
1232 346 1469 387 conuicium

125 404 443 444 concurrerunt.
504 402 599 443 uale
632 403 673 442 et
704 416 772 442 me
805 402 946 455 dilige.

334 519 487 573 Perge,
519 533 543 560 o
576 518 738 572 libelle,
770 516 974 560 Sirmium

336 577 394 619 Et
425 577 490 618 dic
523 591 604 618 ero·
627 591 721 618 meo
755 591 803 618 ao
835 579 908 618 tuo

335 635 457 677 Haue
491 638 618 690 atque
651 635 769 676 salue
802 635 1046 689 plurimum.

335 694 438 743 Quis
471 694 553 735 iste
586 694 643 735 sit
673 694 797 736 nobis
831 708 945 748 erus,

333 753 506 806 Nescis,
538 751 712 793 libelle?
763 766 836 805 an,
869 767 964 794 cum
999 752 1127 806 scias,
1449 763 1467 794 5

334 811 538 852 Libenter
570 811 708 864 audis,
743 810 855 865 quod
887 811 1037 852 iuuat?

334 869 511 911 Possem
544 870 739 910 absolute
772 869 926 923 dicere,

336 927 417 970 Sed
450 928 614 969 dulcius
648 928 961 982 circumloquar

334 986 497 1039 Diuque
530 986 658 1028 fando
690 986 901 1040 perfruar.

333 1045 459 1086 Hune
492 1045 604 1098 dieo,
640 1045 711 1097 qui
742 1045 889 1097 lingua
923 1048 1075 1098 potens
1425 1056 1465 1087 10

333 1103 547 1151 Minorem
578 1103 777 1144 Atridam
810 1104 1017 1156 praeterit

337 1161 507 1203 Orando
539 1175 676 1216 pauca
708 1164 750 1202 et
782 1162 962 1215 musica,

335 1220 417 1269 Qui
450 1220 679 1275 grandines
711 1219 853 1261 Vlixei

332 1278 390 1320 Et
422 1280 505 1320 mel
537 1279 738 1320 fluentem
770 1277 958 1320 Nestora

333 1336 575 1379 Coneinnat
608 1352 679 1379 ore
711 1337 842 1390 Tulli3
1425 1348 1466 1379 15

333 1395 414 1444 Qui
447 1396 562 1437 solus
596 1396 784 1449 exeeptis
817 1396 956 1437 tribus

331 1454 430 1495 Eris
466 1469 635 1495 erorum
667 1455 833 1508 primus
866 1458 932 1495 est·

332 1512 638 1566 Praetorioque
674 1513 900 1554 maximus.

215 1644 258 1674 18
284 1641 413 1675 Horat.
440 1639 508 1684 Ep.
536 1639 569 1673 Π
598 1644 627 1681 1,
655 1643 722 1673 232
745 1651 823 1683 sqq.

216 1691 257 1722 19
284 1687 406 1722 Plaut.
421 1687 516 1721 Men.
538 1687 629 1731 prol.
648 1690 690 1721 13
711 1686 782 1721 hoc
802 1686 978 1731 (fabulae)
999 1688 1217 1732 argumento
1239 1687 1467 1732 antelogium

120 1734 199 1769 fuit.
216 1785 257 1815 12
280 1793 332 1825 sq.
360 1782 467 1816 Hom.
495 1780 536 1816 11.
562 1780 613 1815 ΠΙ
639 1785 719 1816 214.
742 1784 808 1816 222
835 1780 851 1813 Ι
872 1784 939 1815 248
961 1792 987 1815 s.

216 1914 258 1945 18
292 1909 422 1944 eherili
448 1910 497 1946 M
526 1909 630 1945 cerili
657 1910 690 1944 Τ
722 1909 839 1945 cerilli
865 1910 898 1944 G
998 1914 1038 1945 19
1071 1909 1221 1945 interim
1252 1910 1294 1944 ut
1319 1910 1468 1954 plautus

119 1957 172 1992 ait
194 1957 244 1991 M
263 1956 268 2001 Ι
290 1956 512 2002 antilogium
537 1957 572 1991 Z
593 1968 684 1993 corr.
707 1957 876 1992 Muretus
973 1960 1017 1992 20
1044 1957 1164 2000 garuli
1193 1956 1265 1991 ΤΘ
1361 1961 1404 1991 22
1432 1958 1469 1991 et

118 2004 194 2050 me]
221 2015 264 2039 ao
290 2014 348 2038 me
374 2005 423 2038 M
451 2004 463 2048 ΙΙ
498 2009 514 2038 1
544 2015 564 2039 o
590 2005 637 2039 al.
664 2015 707 2040 ss.
731 2004 764 2038 T
834 2008 853 2038 2
880 2005 968 2039 hero
997 2003 1069 2039 TG
1091 2004 1095 2048 Ι
1118 2004 1198 2050 atq}
1226 2005 1283 2049 (q3
1312 2004 1358 2038 al.
1385 2005 1465 2046 del.)

122 2051 154 2085 T
249 2055 269 2086 3
301 2062 370 2086 aue
396 2052 431 2085 Z
524 2055 546 2085 4
577 2052 686 2086 herus
715 2051 786 2086 TG
882 2056 901 2086 9
934 2051 1121 2096 profrurar
1148 2051 1180 2085 T
1270 2055 1312 2085 10
1338 2052 1468 2095 petens

121 2099 169 2132 M
261 2101 303 2132 13
348 2097 437 2141 quid
471 2098 519 2132 M
549 2098 554 2144 Ι
588 2098 788 2143 VlysseiG'
881 2102 923 2132 14
961 2098 1071 2132 melle
1109 2098 1245 2133 fluente
1281 2097 1326 2131 Τ1
1365 2096 1468 2131 melli

118 2145 255 2180 fluente
284 2147 321 2180 et
348 2145 396 2179 1⁷2
428 2145 467 2180 et
497 2145 777 2180 mellifluentem
806 2146 854 2180 M
887 2147 924 2180 et
954 2145 1079 2179 mellei
1111 2145 1285 2179 fluentem
1314 2143 1347 2178 G·
1379 2155 1467 2179 corr.

119 2191 259 2236 Peiper,
286 2193 324 2226 et
349 2193 414 2227 del.
436 2192 609 2239 Scaliyer,
633 2192 743 2227 melle
774 2194 811 2227 et
835 2192 871 2228 fl.
898 2193 955 2227 uel
979 2192 1090 2226 melle
1117 2192 1329 2226 affluentem
1350 2190 1467 2225 Hein-

119 2239 195 2274 sius
277 2243 320 2274 15
347 2240 645 2275 concinnatorem
667 2240 701 2273 Z
718 2250 807 2275 corr.
829 2240 1018 2274 Amantius
1092 2243 1132 2273 17
1158 2237 1249 2272 heris
1272 2238 1304 2271 T
1308 2237 1320 2256 ²
1342 2240 1346 2281 1
1369 2237 1467 2271 l³ero-

119 2297 201 2320 rum
222 2285 270 2319 ,Τ2
297 2297 423 2321 eroum
449 2286 535 2322 MG
557 2289 560 2331 1
584 2290 642 2321 est
666 2298 731 2321 om.
761 2287 809 2321 M
