1563 2511
586 85 900 126 —385—

715 234 776 268 XI.

278 303 370 345 Ἠώς
396 301 464 348 (δ’)
494 301 534 339 ἐκ
560 303 698 348 λεχέων
725 300 815 347 παρ’
846 301 992 348 ἀγαυοῦ
1023 307 1211 340 Τιθωνοῖο

285 351 435 387 Tithoni
461 362 630 386 croceum
656 350 827 395 linquens
854 352 997 386 Aurora
1023 351 1145 386 cubile

286 399 492 444 Spargebat
515 400 633 433 terras
658 398 820 433 referens
847 407 961 442 opera
986 399 1097 442 atque
1123 398 1281 433 labores.

162 483 229 524 Ab
251 483 448 524 omnibus
471 481 644 524 Graecis
666 482 836 537 egregie
859 481 1040 536 quidem,
1072 481 1145 523 sed
1166 483 1414 537 inprospere

73 543 310 585 dimicatur.
373 556 552 596 quorum
595 542 843 595 proceribus
887 541 1122 582 uulneratis
1168 541 1413 596 incognitae
1441 553 1461 583 5

72 601 338 643 multitudini
375 614 520 655 pugna
557 600 854 642 committitur.
905 614 989 654 qua
1021 599 1300 641 afflictatione
1331 600 1416 641 for-

70 662 199 701 tunae
230 659 421 701 Achilles
459 659 678 713 paulisper
714 659 892 700 inflexus
927 658 1172 699 Patroclum
1205 658 1340 700 mittit
1372 659 1415 700 in

70 719 314 773 praesentia
341 719 626 772 cogniturum.
670 718 741 772 qui
769 733 864 759 cum
893 717 1059 758 aduersi
1081 719 1219 758 status
1239 717 1414 758 nuntius

70 780 366 831 reuerteretur,
398 777 666 831 Eurypylum
699 777 1015 830 contemplatur
1042 789 1217 830 aegrum
1245 791 1295 817 ex
1322 777 1415 816 uul-

70 851 170 877 nere
214 836 503 890 fomentisque
548 835 737 877 medicae
781 836 884 877 artis
930 835 1113 876 admotis
1152 835 1417 889 redintegrat
1444 845 1485 876 10

73 895 261 936 sanitati.

706 1020 783 1055 XII.

250 1086 315 1131 Ὣς
341 1089 360 1126 ὁ
388 1090 456 1136 μὲν
484 1089 524 1126 ἐν
551 1093 708 1137 κλισίῃσι
734 1092 940 1126 Μενοιτίου
967 1088 1121 1136 ἄλκιμος
1146 1088 1227 1130 υἱός

214 1138 406 1174 Actorides
433 1139 536 1174 fouet
560 1138 790 1183 Eurypylum
818 1138 903 1172 dum
928 1138 1081 1172 uulnere
1108 1137 1246 1172 fessum

158 1222 242 1263 Res
266 1223 417 1264 dubiae
439 1223 551 1277 apud
573 1222 758 1264 Graecos
778 1223 847 1263 uel
867 1222 1010 1276 potius
1033 1222 1216 1262 afflictae
1237 1221 1414 1263 ultimae

69 1282 267 1322 fortunae
299 1285 413 1322 statu
447 1284 633 1335 aguntur
664 1281 983 1334 praestantibus
1015 1295 1239 1334 procerum
1268 1280 1413 1321 uulne-

68 1340 194 1393 ratis‚
246 1343 386 1382 cetero
431 1341 617 1382 exercitu
662 1340 766 1394 fuga
810 1342 884 1381 aut
927 1339 1158 1380 formidine
1203 1339 1412 1392 perculso.
1441 1350 1459 1378 5

70 1398 245 1440 Troiani
295 1399 514 1440 naualium
567 1400 832 1440 munimenta
875 1398 1122 1440 rescindunt
1165 1397 1412 1451 uallumque

68 1458 332 1510 transgressi
389 1458 579 1513 auguriis
629 1458 831 1499 iuuantur
880 1471 930 1498 ex
981 1460 1137 1498 euentu
1187 1456 1411 1510 ambiguis.

67 1516 213 1570 itaque
252 1520 293 1557 et
325 1531 422 1570 pars
456 1518 565 1557 muri
599 1517 652 1557 ab
687 1515 929 1570 Sarpedone
969 1516 1245 1568 conuellitur‚
1284 1518 1327 1555 et
1359 1515 1411 1555 ab

67 1574 254 1616 Hectore
287 1575 374 1616 ictu
399 1575 554 1629 lapidis
581 1579 704 1629 porta
737 1575 966 1628 dissicitur‚
999 1577 1041 1615 et
1071 1575 1113 1615 in
1146 1574 1252 1627 ipsis
1283 1588 1412 1614 naua-

68 1634 181 1674 libus
213 1648 360 1689 pugna
393 1635 645 1675 conseritur.
1440 1641 1481 1671 10

162 1783 212 1817 XI
246 1787 277 1819 2.
304 1788 334 1819 3.
362 1784 472 1829 Verg.
499 1784 531 1817 A
557 1784 625 1817 IIII
652 1787 720 1818 584
740 1795 791 1827 sq.
827 1782 929 1817 VIIII
955 1787 1022 1817 457
1045 1795 1098 1826 sq.
1133 1782 1177 1827 (G
1203 1782 1219 1815 Ι
1244 1784 1327 1825 447)
1364 1783 1413 1817 Et

67 1830 143 1865 iam
181 1832 300 1874 prima
337 1843 433 1866 nouo
467 1832 669 1876 spargebat
703 1832 841 1865 lumine
880 1834 997 1865 terras
1029 1830 1182 1864 Tithoni
1210 1850 1250 1854 —
1279 1829 1410 1864 cubile.

66 1877 117 1912 XI
136 1882 199 1912 183
221 1879 364 1913 Aurora
385 1907 392 1913 .
407 1905 414 1914 .
434 1907 440 1913 .
463 1879 647 1913 extulerat
667 1878 786 1913 lucem
807 1877 968 1912 referens
990 1888 1102 1922 opera
1122 1880 1232 1920 atque
1253 1877 1409 1911 labores.

163 2020 212 2054 Xl
244 2023 260 2053 1
289 2031 361 2053 Ηιυ(
380 2029 779 2053 enaexewfflrapa‘raroy
799 2019 835 2052 P
892 2023 912 2052 2
934 2018 1114 2052 Thithoni
1134 2017 1170 2052 P
1240 2021 1260 2052 6
1286 2017 1408 2051 multi—

66 2067 148 2101 tudi
174 2067 211 2100 P
234 2069 237 2109 Ι
272 2067 359 2110 quia
385 2066 421 2099 P
514 2069 534 2099 9
561 2065 757 2109 euripilum
788 2066 823 2098 P

160 2125 226 2158 XII
254 2128 271 2158 1
300 2122 341 2159 ἕν
361 2125 533 2170 κλισίῃσι]
562 2125 806 2168 exicalcmPl
828 2121 981 2169 ἄλκιμος
1008 2121 1104 2168 υἵός]
1130 2134 1358 2157 ᾱΜεΙΜυεοιυ(
1377 2122 1411 2155 Ρ

113 2176 133 2206 2
161 2171 360 2216 euripilum
389 2171 425 2205 P
496 2175 515 2205 3
542 2172 618 2205 Rex
638 2171 675 2206 P
697 2182 786 2207 corr.
809 2172 1060 2206 Aceursianus
1094 2172 1098 2216 ξ
1132 2170 1168 2204 in
1196 2182 1230 2203 u.
1257 2170 1279 2204 f.
1309 2172 1406 2203 statu

67 2220 218 2254 Schenkl
239 2221 244 2262 Ι
266 2219 566 2263 presentantibus
591 2219 626 2252 P
648 2218 901 2263 perstantibus
923 2218 1100 2252 Heinsius
1122 2219 1126 2261 Ι
1150 2217 1351 2251 uolneratis
1376 2216 1410 2249 P

114 2271 133 2301 5
166 2266 255 2310 fuga
281 2265 329 2299 Ps
367 2265 495 2309 fugato
527 2265 692 2311 Vyoletus
783 2269 803 2300 8
830 2276 984 2310 sarpone
1011 2265 1048 2299 P
1078 2268 1082 2306 1
1121 2264 1278 2299 conuelli
1306 2263 1341 2297 P

67 2318 87 2348 9
114 2313 273 2358 plapidis
302 2313 362 2356 1³1
391 2311 581 2347 discicitur
607 2312 643 2347 P
664 2323 754 2347 corr.
779 2313 909 2357 Peiper
936 2311 1132 2346 discutitur
1160 2311 1281 2345 Paris.

136 2378 308 2404 Avsomvs.
1151 2372 1194 2402 25
