1563 2511
56 155 153 198 Non
187 169 267 211 ego
301 168 403 209 opes
436 169 580 196 cassas
613 157 656 196 et
687 155 834 196 inania
867 154 1023 210 gaudia
1055 154 1232 209 plango,

116 214 200 256 Sed
232 213 401 255 iuuenis
433 213 578 255 iuueni
609 214 721 269 quod
753 214 858 254 mihi
889 216 1017 268 rapta
1048 213 1153 254 uiro.

56 273 208 327 Laeta,
240 272 412 327 pudiea,
445 273 610 327 grauis,
642 287 777 328 genus
810 273 959 314 inclita
992 274 1034 313 et
1065 271 1217 313 inclita
1249 271 1406 326 forma,

114 331 174 373 Et
205 332 327 373 dolor
361 334 487 386 atque
521 332 647 373 decus
681 331 874 386 coniugis
908 331 1101 372 Ausonii.

57 390 173 440 Quae
205 390 332 432 modo
366 393 566 445 septenos
600 394 750 445 quater
781 391 995 445 inpletura
1028 389 1286 432 Decembres
1361 400 1405 431 25

116 450 303 505 Liquisti
333 452 477 504 natos,
509 451 689 505 pignera
720 452 887 500 nostra,
920 449 1038 491 duos.

55 508 137 551 Illa
169 509 318 551 fauore
351 509 434 560 dei,
469 509 577 550 sicut
608 511 685 550 tua
717 511 820 550 uota
850 508 1040 562 fuerunt,

116 567 312 622 Florent,
345 568 506 622 optatis
540 568 812 610 adcumulata
844 567 981 610 bonis.

56 626 116 668 Et
147 641 314 681 precor,
346 630 394 668 ut
426 627 604 681 uigeant
636 627 894 682 tandemque
927 626 1158 681 superstite
1192 629 1370 682 utroque

116 685 300 727 Nuntiet
329 686 410 727 hoe
444 686 575 727 cineri
607 689 757 728 nostra
789 686 942 728 fauilla
973 689 1059 728 tuo,
1363 697 1406 728 30

0 826 62 859 169]
326 813 368 848 X.
406 813 649 848 AVSONIVS
676 813 933 848 PARVVLVS
963 813 1132 850 FILIVS.

56 897 157 940 Non
190 912 268 953 ego
301 900 343 939 te
376 897 569 939 infletum
603 899 783 939 memori
814 898 1023 940 fraudabo
1057 899 1261 954 querella,

116 957 303 1011 Primus,
335 960 453 1007 nate,
485 971 580 999 meo
612 958 785 999 nomine
819 958 928 999 dicte
961 972 1083 1012 puer:

58 1017 280 1058 Murmura
312 1030 436 1070 quem
468 1016 620 1069 primis
653 1017 932 1059 meditantem
966 1017 1189 1058 absoluere
1220 1016 1362 1058 uerbis

117 1075 280 1117 Indolis
314 1078 356 1116 et
389 1075 541 1129 plenae
575 1076 818 1129 planximus
851 1076 1080 1132 obsequiis.

57 1135 121 1176 Tu
153 1135 317 1190 gremio
350 1134 395 1175 in
426 1135 578 1188 proaui
610 1135 737 1176 funus
770 1149 993 1177 commune
1027 1136 1212 1188 locatus,
1387 1145 1406 1175 5

115 1193 329 1235 Inuidiam
362 1194 516 1234 tumuli
548 1208 600 1234 ne
633 1197 826 1248 paterere
858 1195 934 1236 tui.

0 1334 58 1367 170]
364 1320 426 1355 XI.
466 1320 651 1356 PASTOR
676 1322 834 1356 NEPOS
861 1321 926 1356 EX
952 1321 1091 1357 FILIO.

17 1436 24 1442 .
58 1406 123 1447 Tu
156 1420 321 1460 quoque
355 1407 565 1456 maturos,
597 1420 703 1461 puer
735 1407 965 1461 inmature,
997 1406 1165 1448 dolores

117 1464 392 1518 Interrupisti
424 1465 566 1506 luctus
600 1466 777 1507 acerbus
811 1466 898 1518 aui,

58 1524 212 1566 Pastor
244 1538 337 1565 care
369 1537 523 1577 nePOS‚
556 1539 652 1578 spes
685 1525 804 1566 euius
837 1529 954 1566 certa
986 1524 1070 1566 fuit
1101 1539 1185 1579 res,

119 1582 318 1636 Hesperii
349 1583 486 1636 patris
519 1585 647 1624 tertia
680 1584 921 1639 progenies.

58 1641 247 1696 Nomen⁷
281 1641 393 1696 quod
426 1656 548 1683 casus
582 1642 755 1683 dederat
788 1641 908 1698 (quia
939 1643 1086 1684 fistula
1117 1643 1303 1696 primum
1387 1653 1406 1684 5

119 1701 341 1742 Pastorale
376 1701 510 1742 melos
544 1702 762 1743 concinuit
795 1700 981 1757 genito),

59 1758 161 1801 Sero
193 1760 461 1801 intellectum
495 1760 608 1801 uitae
642 1761 784 1802 breuis
818 1764 1140 1815 argumentum:

119 1818 304 1873 Spiritus
338 1818 505 1860 adflatis
539 1820 650 1874 quod
684 1820 795 1875 fugit
828 1835 848 1861 e
882 1820 1070 1861 calamis.

153 1939 196 1969 21
225 1934 311 1969 miei
345 1936 378 1969 V
460 1940 504 1971 22
531 1936 657 1981 grabis
692 1936 724 1969 Γ
806 1940 849 1971 23
878 1936 997 1981 adque
1031 1935 1066 1969 V
1144 1939 1187 1970 27
1214 1935 1342 1971 fabore
1377 1935 1410 1969 V

59 1986 104 2018 28
131 1981 272 2017 obtatis
307 1983 369 2028 Vl
405 1983 641 2018 accumulata
673 1983 707 2016 V

154 2040 187 2074 X
224 2054 400 2076 Panno-Lm
434 2042 467 2075 V
564 2047 579 2076 1
608 2041 789 2076 fraudauo
821 2042 855 2076 V
931 2047 950 2077 3
978 2041 1099 2077 neruis
1135 2042 1167 2075 V
1238 2046 1259 2076 4
1287 2042 1340 2087 et]
1368 2042 1408 2076 at

57 2089 115 2123 uel
146 2090 188 2122 ut
221 2088 302 2123 Tolz
336 2091 340 2129 Ι
380 2100 474 2133 pene
511 2089 543 2122 V
577 2090 685 2133 plene
718 2090 912 2133 Lzrqdem„
943 2100 1033 2124 corr.
1065 2089 1144 2123 Toll
1180 2091 1184 2130 Ι
1219 2089 1407 2132 obsequiis

59 2136 192 2179 Peiper
223 2135 387 2180 exequiis
414 2148 457 2171 ea:
484 2136 632 2180 exequis
652 2148 712 2180 pr.
749 2137 779 2169 V

154 2194 205 2228 XI
238 2199 257 2229 2
286 2195 522 2240 Interrupisti
548 2196 677 2239 Peiper
702 2196 882 2240 inrumpis
908 2195 1018 2230 mesti
1052 2196 1085 2229 V
1110 2197 1114 2239 1
1143 2206 1295 2230 aceruus
1330 2195 1363 2229 V

60 2247 79 2276 5
107 2241 255 2277 nomine
292 2242 324 2276 V
346 2254 437 2277 corr.
468 2243 598 2287 I’eipcr
672 2247 691 2277 7
720 2243 841 2278 breuis
877 2244 909 2278 V
979 2247 999 2278 8
1027 2243 1162 2278 afflatis
1197 2242 1229 2276 V
1255 2245 1259 2286 Ι
1291 2243 1404 2288 quod]

59 2290 85 2332 f.
114 2301 179 2324 eeu
213 2291 218 2334 Ι
253 2290 363 2326 deleto
383 2294 467 2335 post
493 2289 644 2325 calamis
666 2294 814 2335 puncto.
