1563 2511
61 176 1130 189 ................
1359 158 1404 189 25

61 204 323 246 Harmoniae
357 204 495 246 cultus
527 204 735 257 Eriphyle
768 207 935 245 maesta
966 209 1152 260 recusat,

60 263 215 305 Infelix
247 265 350 305 nato
381 277 459 304 nec
490 262 711 304 fortunata
742 262 911 303 marito.

61 321 172 363 Tota
203 336 368 376 quoque
401 321 543 363 aeriae
574 320 738 362 Minoia
770 321 917 362 fabula
950 320 1101 363 Cretae

59 380 328 422 Picturarum
360 380 497 422 instar
528 380 646 421 tenui
678 379 755 420 sub
787 379 976 433 imagine
1009 381 1164 423 uibrat.

59 438 271 492 Pasiphae
304 439 420 480 niuei
453 438 643 493 sequitur
674 438 859 493 uestigia
892 439 1015 480 tauri.
1361 452 1405 483 30

59 497 180 539 Licia
210 497 295 539 fert
326 498 566 552 glomerata
600 512 729 538 manu
762 497 930 538 deserta
962 497 1164 539 Ariadne.

59 555 253 610 Respicit
285 557 475 598 abiectas
509 556 738 610 desperans
768 555 964 597 Phaedra
996 557 1192 598 tabellas.

59 614 176 656 Haec
208 616 405 670 laqueum
440 615 568 669 gerit,
600 615 705 656 haec
737 629 873 655 uanae
907 615 1138 656 simulacra
1170 629 1369 657 coronae:

58 670 291 715 Daedaliae
324 673 455 728 pudet
485 673 596 714 hanc
626 673 815 714 latebras
849 674 1032 715 subiisse
1064 674 1281 716 iuuencae.

58 731 313 788 Praereptas
346 733 540 786 queritur
570 746 647 787 per
680 732 825 773 inania
856 733 1014 786 gaudia
1044 735 1191 774 noctes
1360 744 1404 775 35

58 790 294 832 Laudamia
326 791 449 845 duas,
480 791 569 832 uiui
600 791 819 845 functique
851 792 1009 832 mariti.

59 849 189 891 Parte
220 852 363 891 truces
396 850 480 891 alia
513 849 674 891 strictis
706 850 981 891 mucronibus
1015 864 1161 891 omnes

58 908 117 949 Et
148 907 307 950 Thisbe
341 911 383 950 et
414 907 580 950 Canace
614 911 655 949 et
688 906 858 950 Sidonis
891 908 1038 950 horret
1069 908 1225 950 Elissa.

60 965 265 1021 Coniugis
285 967 402 1021 haec,
427 967 531 1008 haec
551 968 688 1021 patris
715 970 757 1008 et
782 967 888 1008 haec
914 968 1026 1022 gerit
1045 967 1227 1022 hospitis
1249 983 1404 1010 ensem.

58 1024 190 1067 Errat
221 1028 264 1067 et
294 1026 405 1080 ipsa,
438 1026 541 1067 olim
574 1026 713 1080 qualis
744 1040 819 1079 per
850 1025 1022 1067 Latmia
1054 1041 1158 1068 saxa
1359 1039 1403 1068 40

58 1084 379 1138 Endymioneos
414 1085 542 1126 solita
573 1084 788 1126 adfectare
821 1099 1014 1138 sopores,

60 1141 167 1184 Cum
199 1144 290 1185 face
323 1146 365 1184 et
397 1144 608 1198 astrigero
642 1143 880 1184 diademate
913 1142 1034 1184 Luna
1066 1144 1266 1185 bicornis.

60 1200 242 1243 Centum
274 1202 382 1243 aliae
414 1205 606 1243 ueterum
637 1202 872 1243 recolentes
906 1203 1083 1243 uulnera
1114 1216 1308 1243 amorum

57 1260 264 1302 Dulcibus
297 1263 339 1302 et
370 1262 546 1301 maestis
578 1260 776 1302 refouent
807 1263 1025 1302 tormenta
1056 1261 1268 1314 querellis.

59 1318 173 1367 Quas
205 1320 316 1360 inter
347 1319 508 1360 medias
541 1319 690 1360 furuae
723 1319 920 1373 caliginis
955 1319 1152 1360 umbram
1358 1331 1402 1361 45

57 1376 252 1431 Dispulit
282 1378 549 1419 inconsultus
581 1377 717 1419 Amor
750 1378 1027 1419 stridentibus
1062 1379 1152 1420 alis.

57 1436 286 1490 Agnouere
319 1451 467 1479 omnes
499 1451 677 1491 puerum
710 1437 975 1491 memorique
1006 1451 1181 1478 recursu

59 1493 339 1537 Communem
372 1510 541 1537 sensere
572 1510 708 1547 reum,
741 1510 999 1549 quamquam
1031 1495 1174 1537 umida
1204 1496 1361 1537 circum

58 1553 221 1595 Nubila
253 1556 295 1595 et
327 1555 487 1595 auratis
520 1555 733 1609 fulgentia
764 1555 938 1609 cingula
970 1555 1098 1596 bullis

58 1612 117 1653 Et
141 1612 388 1666 pharetram
415 1616 457 1655 et
482 1614 636 1655 rutilae
661 1613 882 1655 fuscarent
907 1614 1130 1668 lampados
1157 1613 1320 1668 ignem:
1359 1624 1403 1654 50

154 1708 198 1738 25
225 1705 284 1739 hic
309 1705 482 1740 excidisse
507 1716 649 1740 uersum
674 1705 771 1739 uidit
803 1704 985 1750 Uyoletus,
1012 1706 1076 1749 qui
1102 1716 1145 1740 eat
1166 1705 1324 1739 Horatio
1351 1716 1403 1749 ep.

58 1751 160 1795 119,
180 1755 232 1787 28
258 1753 428 1787 lammam
453 1753 506 1787 sic
531 1753 707 1796 expleuit:
732 1752 898 1787 mascula
922 1752 1112 1787 Lesbiacis
1134 1751 1282 1796 Sappho
1309 1753 1405 1796 peri-

59 1800 143 1833 tura
169 1798 325 1843 sagittis.
407 1803 451 1834 26
476 1799 668 1834 hermione
694 1799 752 1834 Gi
775 1801 778 1842 l
809 1800 927 1834 cultas
952 1802 970 1834 λ
993 1802 998 1842 l
1026 1799 1244 1844 heriphilles
1274 1799 1306 1832 T
1337 1799 1403 1834 eri-

59 1845 206 1890 phylles
232 1845 265 1880 G
291 1846 473 1891 cryphiles
498 1850 517 1881 λ
541 1849 545 1889 Ι
567 1849 710 1881 moesta
736 1847 771 1880 Z
864 1850 908 1881 27
935 1846 1088 1880 infoelix
1118 1847 1172 1880 Τλ
1272 1849 1317 1880 28
1343 1857 1402 1880 ae-

58 1903 120 1926 reo
150 1892 183 1926 T
267 1897 311 1927 30
337 1894 502 1938 pasyphe
528 1897 546 1928 λ
579 1893 744 1938 pasiphae
771 1893 803 1928 G
888 1897 931 1928 31
959 1894 1122 1928 deserta:
1150 1897 1165 1928 t
1190 1904 1233 1928 ex
1258 1898 1298 1927 r?
1328 1893 1359 1926 T

59 1942 102 1973 32
131 1938 296 1973 adiectas
324 1940 356 1974 T
376 1944 380 1983 1
402 1942 507 1975 fedra
531 1944 549 1975 λ
641 1944 685 1974 33
714 1942 885 1984 coronae]
911 1940 1050 1985 figurae
1081 1941 1113 1974 T
1207 1944 1252 1974 34
1278 1939 1403 1974 iuuen—

59 1990 120 2020 tae
146 1986 203 2021 Ga
240 1988 306 2030 (-te
331 1988 364 2031 λ)
462 1992 506 2022 36
532 1987 720 2022 laodomia
747 1988 779 2022 G
816 1987 1006 2022 laudomia
1035 1988 1067 2021 T
1101 1987 1290 2022 laodamia
1314 1990 1332 2021 λ

60 2036 103 2067 37
132 2033 248 2068 crucis
277 2033 310 2067 T
390 2038 433 2069 38
459 2035 566 2078 tysbe
593 2034 651 2069 Ga
674 2035 678 2080 Ι
702 2035 851 2078 sydonis
879 2035 937 2079 ΖΙ
961 2035 1080 2077 elyssa
1108 2035 1141 2068 Τ
1235 2038 1281 2068 40
1306 2033 1404 2067 lath-

58 2080 134 2114 mia
163 2079 195 2114 Τ
221 2081 335 2115 lamia
360 2081 393 2116 G-
489 2086 532 2116 41
560 2081 812 2116 endimioneos
839 2082 898 2126 ΖΙ
927 2080 1054 2127 solita]
1083 2081 1199 2116 oblita
1227 2081 1260 2115 Τ
1284 2080 1287 2126 Ι
1318 2080 1402 2114 affe-

61 2128 160 2161 ctare
187 2128 221 2161 Z
302 2132 346 2162 42
373 2129 594 2173 dyademate
619 2132 637 2163 λ
661 2133 663 2169 Ι
695 2128 785 2162 luna
809 2139 874 2163 om.
896 2131 914 2163 λ
1007 2132 1050 2163 43
1077 2129 1219 2162 ueteres
1250 2128 1282 2161 Τ
1358 2130 1404 2161 44

59 2174 211 2208 moestis
236 2174 270 2208 Z
289 2176 293 2219 Ι
323 2175 480 2219 querelis
508 2177 542 2209 Z
636 2179 680 2210 45
708 2175 892 2221 calliginis
921 2175 954 2209 T
1046 2179 1089 2209 48
1119 2186 1311 2209 comunem
1340 2173 1371 2207 T
1398 2174 1400 2202 Ι

60 2232 181 2255 rerum
208 2221 241 2256 G
263 2221 267 2266 Ι
299 2233 510 2267 quanquam
536 2225 554 2256 λ
583 2224 587 2267 Ι
620 2222 773 2257 humida
800 2223 834 2256 Z
904 2226 949 2256 49
976 2224 1125 2257 auratas
1152 2242 1194 2246 —
1221 2221 1344 2255 bullas
1372 2220 1405 2253 Z

62 2278 152 2303 corr.
175 2267 379 2305 Seruaeo-tus
453 2274 496 2305 50
523 2270 671 2304 rutilem
701 2270 732 2303 T
753 2272 756 2313 1
789 2270 977 2304 fuscarent
1006 2269 1039 2303 G
1064 2269 1237 2313 fugarent
1267 2268 1319 2301 Τλ
