1563 2511
671 75 725 80 —
784 52 874 94 -408
937 76 991 80 —

153 155 252 198 Non
285 159 410 198 erunt
441 156 624 198 honores
658 172 862 212 umquam
892 157 1064 199 fortuiti
1096 157 1295 198 muneris.

154 215 275 258 Clam
310 229 516 271 coarguas
548 216 853 272 propinquum,
887 230 1012 271 quem
1043 216 1189 270 palam
1223 216 1480 258 laudaueris.

152 274 380 316 Pulchrius
413 275 549 316 musto
582 276 723 329 parari
757 290 885 330 quam
918 275 1054 317 creari
1086 275 1288 317 nobilem.

154 332 281 375 Certa
314 333 351 374 si
384 333 554 375 decreta
587 348 678 376 sors
712 336 795 389 est,
830 334 932 388 quid
965 334 1105 376 caueri
1137 333 1356 388 proderit?

156 391 254 434 Siue
288 394 388 433 sunt
419 393 583 435 ineerta
615 396 784 447 cuneta,
818 393 920 448 quid
951 393 1103 434 timere
1137 392 1366 434 conuenit?
1457 403 1500 434 35

81 532 124 557 VI
146 532 218 564 [314]
511 519 693 556 CHILON
718 519 1145 555 LACEDAEMONIVS.

153 603 266 646 Nolo
299 604 439 646 minor
470 619 537 645 me
569 604 722 646 timeat
757 604 1049 659 despiciassque
1080 605 1229 645 maior.

153 661 263 703 Viue
297 677 462 704 memor
493 663 663 717 mortis,
695 663 800 704 item
832 663 930 704 uiue
962 677 1127 704 memor
1158 663 1329 717 salutis,

153 721 314 762 Tristia
347 724 496 762 cuncta
530 735 786 775 exsuperans
821 724 896 763 aul:
927 721 1087 775 animo,
1120 724 1195 762 aut
1226 722 1374 764 amieo.

153 779 217 821 Tu
249 780 355 821 bene
388 780 423 821 si
456 780 558 833 quid
588 779 743 834 facias,
773 795 852 821 nec
883 780 1130 822 meminisse
1162 780 1227 821 fas
1261 784 1341 835 est3

155 838 270 887 Quae
302 839 409 880 bene
441 838 556 880 facta
589 839 793 893 accipias,
825 841 1034 893 perpetuo
1067 842 1295 881 memento.
1457 851 1501 881 40

154 896 289 938 Grata
323 900 517 939 senectus
549 897 732 952 homini,
764 913 871 952 quae
903 898 1052 952 parilis
1085 898 1300 939 iuuentae:

154 955 237 997 Illa
268 956 443 997 iuuenta
476 959 541 998 esb
574 957 766 1012 grauior,
800 971 909 1011 quae
943 957 1095 998 similis
1129 960 1335 999 senectae.

80 1096 142 1121 V11
163 1096 237 1127 [315]
542 1083 849 1119 ANACHARSIS
877 1083 1104 1119 SCYTHES.

153 1167 295 1221 Turpe
328 1167 429 1222 quid
462 1182 643 1210 ausurus
675 1170 717 1209 te
751 1168 843 1209 sine
875 1170 988 1209 teste
1020 1168 1136 1210 bime.

152 1225 259 1268 Vita
291 1226 604 1281 pe1·i'c,m0rl;is
638 1227 777 1282 gloria
809 1241 895 1268 11011
927 1228 1123 1269 moritur.

154 1283 275 1333 Quod
307 1285 498 1327 facturus
533 1286 636 1341 eris,
638 1262 808 1327 0dicere
842 1286 1071 1328 distuleris.
1458 1298 1502 1329 45

154 1342 267 1385 Crux
301 1346 384 1398 est
417 1345 454 1385 si
486 1347 670 1399 metuas,
702 1345 874 1386 uincere
907 1345 1020 1411 qued
1050 1359 1250 1399 nequeas.

154 1401 261 1444 Cum
293 1417 392 1444 uere
426 1403 646 1458 obiurges,
680 1405 740 1445 sie
771 1403 944 1445 inimice
977 1404 1118 1445 iuuas:

155 1460 262 1503 Cum
294 1461 406 1503 falso
440 1462 606 1513 laudes
638 1465 740 1504 tunc
772 1470 815 1503 et
846 1463 980 1504 amice
1011 1477 1151 1504 noces.

153 1519 228 1561 Nil
261 1520 452 1563 nimium.
505 1521 611 1562 satis
643 1521 742 1572 1100,
774 1536 826 1562 ne
861 1522 918 1563 sit
951 1524 992 1563 elz
1023 1522 1104 1563 hoc
1135 1521 1325 1563 nimium.

249 1675 292 1705 31
320 1671 470 1706 honoris
496 1671 532 1706 A
555 1672 559 1716 1
582 1672 738 1707 fortuitu
763 1672 799 1706 A
826 1672 957 1707 fortubi
983 1673 1018 1707 L
1109 1676 1153 1706 32
1181 1683 1290 1716 quem
1316 1672 1440 1717 palam
1470 1674 1507 1707 P

153 1718 348 1772 propalam
368 1719 434 1764 Αβ
509 1722 552 1753 33
579 1719 741 1764 pulcrius
761 1718 840 1753 AL
864 1721 868 1763 ῐ
892 1720 948 1754 esi]
973 1719 1097 1764 parari
1123 1719 1160 1754 P
1229 1723 1274 1754 34
1301 1721 1356 1754 esb
1381 1731 1445 1755 om.
1469 1721 1506 1754 P

157 1766 159 1809 Ι
202 1765 324 1800 caueri
358 1779 385 1799 ω
430 1776 561 1800 cauere
595 1774 624 1810 ψ
665 1767 670 1810 l
717 1766 856 1811 potent
889 1767 910 1813 β
1030 1769 1074 1801 35
1107 1766 1204 1801 siue:
1241 1779 1265 1801 u
1297 1778 1340 1802 ex
1372 1779 1387 1801 s
1418 1767 1455 1801 A
1497 1768 1499 1813 ξ

152 1812 284 1847 timere
314 1813 350 1846 P
384 1811 509 1847 timeri
535 1812 602 1860 Αβ
700 1817 743 1848 38
778 1824 1001 1857 exsuperans
1028 1814 1065 1848 P
1099 1824 1302 1858 exuperans
1328 1814 1406 1848 AL
1444 1825 1503 1849 ex-

152 1871 284 1903 uperas
311 1859 347 1894 R
445 1864 488 1894 39
514 1871 582 1894 nec
608 1871 674 1895 om.
703 1861 737 1894 A
835 1864 878 1894 41
906 1860 1066 1895 hominis
1094 1862 1114 1906 β
1138 1862 1141 1903 Ι
1165 1871 1259 1904 quae
1287 1860 1418 1896 similis
1446 1863 1468 1908 β
1496 1862 1500 1907 ί

153 1906 328 1941 iuuentae
351 1906 387 1940 P
411 1906 605 1942 iuuentute
624 1907 661 1942 A
686 1907 859 1942 iuuentus
886 1908 907 1953 β
981 1911 1024 1941 42
1053 1909 1201 1942 senecta
1227 1908 1249 1953 β
1274 1909 1286 1951 ΙΙ
1314 1907 1460 1952 scythes
1479 1922 1502 1942 α

153 1953 273 1987 scitha
300 1953 433 1996 (schita
454 1953 502 1997 L)
531 1956 552 2001 β
636 1958 681 1988 44
707 1954 837 1989 mortis
864 1968 891 1988 ω
919 1954 1043 1989 meriti
1069 1955 1231 1997 Schenkl,
1257 1955 1357 1989 uitae
1382 1955 1501 1990 Baeh-

152 2011 235 2035 rens
331 2003 376 2034 46
402 2001 536 2035 metuis
564 2002 597 2035 A
695 2005 739 2036 47
766 2012 854 2036 uero
880 2002 962 2036 AR
997 2004 1001 2046 1
1036 2002 1209 2046 obiurgas
1237 2002 1258 2047 β
1354 2005 1398 2037 48
1424 2002 1502 2037 lau-

155 2047 220 2082 das
248 2047 269 2093 β
292 2048 296 2091 Ι
325 2048 429 2093 tunc]
458 2046 508 2082 sic
536 2048 557 2093 β
654 2052 698 2083 49
726 2052 809 2083 ante
834 2060 869 2082 u.
896 2052 943 2083 47
970 2057 998 2091 ψ
1022 2051 1026 2092 Ι
1055 2049 1146 2084 satis
1173 2051 1230 2084 est
1255 2049 1325 2083 hoc
1350 2049 1386 2084 A
1408 2051 1412 2093 Ι
1440 2049 1502 2094 ne]

154 2105 222 2129 nec
250 2096 272 2141 β
290 2096 302 2138 ΙΙ
321 2094 474 2129 Finiunt
500 2096 521 2140 β
