1563 2511
607 41 919 83 —152-

562 168 639 204 XX.
680 167 972 203 BVRDIGALA*

93 254 233 308 Impia
264 252 512 294 iamdudum
546 253 780 295 condemno
815 253 1005 307 silentia,
1038 253 1149 307 quod
1182 256 1242 304 te,

95 311 130 354 Ο
162 312 321 367 patria,
353 312 566 367 insignem
599 312 769 354 Baccho
802 312 1029 366 fluuiisque
1062 311 1271 366 uirisque,

94 371 288 413 Moribus
309 371 580 427 ingeniisque
601 371 825 413 hominum
845 384 1154 426 procerumque
1177 373 1344 424 senatu,
1378 382 1444 413 130

94 429 194 472 Non
225 431 337 472 inter
368 431 530 484 primas
563 445 813 484 memorem,
848 431 971 484 quasi
1004 430 1197 471 conscius
1230 430 1349 471 urbis
1419 470 1421 472 .

95 489 290 545 Exiguae
322 489 545 531 inmeritas
578 490 770 531 dubitem
803 489 1053 544 contingere
1085 488 1245 530 laudes.
1428 500 1445 525 5

95 548 196 589 Non
228 548 366 603 pudor
396 548 499 590 hine
529 549 672 602 nobis3
703 563 781 590 nec
815 549 928 590 enim
962 548 1067 589 mihi
1099 548 1285 589 barbara
1308 547 1447 589 Rheni

97 607 183 649 Ora
214 621 291 649 nec
325 610 471 649 arctoo
505 608 655 649 domus
689 610 754 649 esi:
787 607 984 662 glacialis
1016 607 1061 648 in
1093 606 1276 648 Haemo:

96 677 368 708 BVRDIGALA
400 671 465 708 est
495 668 640 708 natale
674 667 830 719 solum3
863 667 1090 708 clementia
1122 665 1228 707 caeli
1381 676 1446 707 135

192 784 239 805 xx
264 782 464 805 nvnmmm
488 769 524 804 V
545 770 590 804 de
616 769 813 815 burdegali
838 770 929 805 urbe
953 770 986 804 T
1009 770 1053 805 de
1074 769 1278 814 burdegala
1304 780 1347 803 ex
1373 780 1448 813 qua

98 817 169 852 fuit
196 820 325 853 auctor
356 818 425 852 iste
458 817 630 851 ausonius
661 818 696 851 P
790 829 826 852 u.
854 821 921 852 128
949 818 1042 852 deest
1071 817 1104 851 T
1133 819 1137 860 1
1173 816 1394 861 condemno]
1417 818 1447 859 (s

99 868 215 910 eraso)
241 865 276 899 V
346 867 533 899 129-145
559 865 622 898 hos
646 875 774 899 uersus
800 868 832 900 et
856 866 1001 899 ultimos
1029 867 1101 899 167
1114 875 1163 908 sq.
1190 865 1242 900 sic
1267 864 1372 898 habet
1401 863 1449 898 T:

99 924 122 957 f.
148 928 214 958 61ιι
572 936 618 957 DE
644 935 846 957 BVRDU'ALI
872 936 973 957 vm.

243 970 271 1005 O
298 982 380 1016 plia
399 972 436 1005 te
456 970 642 1015 insignem
662 971 745 1005 dieo
766 970 856 1005 uiris
882 970 1046 1005 molibus
1071 970 1230 1023 ingeniis
1256 969 1450 1004 hominum

242 1017 290 1051 Εΐ,
314 1029 508 1063 piocerum
535 1019 666 1052 senatu
692 1018 779 1052 uino
807 1020 844 1052 eb
870 1018 976 1061 aquis
1384 1021 1450 1051 130

100 1112 123 1146 f.
151 1115 212 1147 621
242 1066 468 1157 {uidegalia
495 1114 553 1146 est
577 1111 669 1146 mihi
694 1112 821 1147 natale
848 1112 977 1147 solum.
1385 1115 1449 1147 135

243 1160 316 1194 Vbi
341 1159 443 1194 mitis
471 1160 528 1194 est
553 1160 633 1194 eaeli
660 1158 870 1194 elementia.

243 1207 292 1241 Et
317 1206 479 1251 irriguae
506 1208 626 1241 berrae
653 1206 888 1251 indulgentia
912 1207 1028 1252 larga.

243 1254 318 1288 Ver
344 1254 441 1288 enim
467 1254 637 1298 longum:
665 1256 702 1288 et
727 1255 858 1289 biuma
883 1253 935 1288 ibi
961 1254 1084 1288 breuis
1112 1256 1177 1289 est.

245 1324 379 1359 Subber
404 1335 551 1377 quoque
578 1309 647 1370 (q3)
673 1325 762 1369 iuga
787 1324 943 1360 frondea
968 1324 1112 1359 fement
1137 1325 1286 1359 fluenta.

244 1372 397 1406 Imitata
422 1372 584 1406 marinos
611 1374 764 1407 meatus.

247 1418 396 1460 Quadra
422 1421 459 1454 et
483 1419 536 1453 ibi
563 1429 751 1453 murorum
779 1419 932 1464 species.
1386 1423 1453 1454 140

246 1466 306 1500 Sic
333 1465 420 1500 altis
447 1466 609 1501 turribus
636 1467 762 1500 ardua.

245 1514 296 1548 Vt
321 1514 553 1548 summitates
578 1513 719 1548 inirent
744 1514 860 1548 nubes
887 1524 1012 1548 aereas
1386 1517 1451 1547 141

245 1560 359 1595 Latas
384 1561 499 1595 habet
524 1561 686 1605 plateas:
715 1562 752 1595 et
777 1562 1054 1605 respondentes.
1385 1563 1452 1594 143

245 1608 432 1642 Indirecta
459 1609 622 1652 compita.
647 1610 775 1652 portas

246 1654 317 1689 Per
341 1654 505 1689 medium
533 1656 657 1689 autem
682 1656 783 1690 urbis
812 1656 956 1690 fontani

245 1701 427 1736 Fluminis
453 1704 600 1736 alueum
1388 1706 1454 1737 145

246 1749 348 1784 Idem
375 1749 562 1784 Ausonius

247 1797 457 1841 †(spatium
482 1798 596 1831 unius
621 1807 748 1832 uersus
773 1799 945 1839 uacuum)

247 1843 376 1888 Diligo
401 1843 668 1889 Burdegalam:
699 1844 856 1879 Romam
884 1844 981 1879 colo:
1009 1843 1109 1879 Ciuis
1135 1844 1173 1879 in
1199 1845 1266 1879 illa
1389 1848 1454 1880 167

250 1902 289 1926 ,8.
316 1891 528 1936 Burdegala
555 1891 689 1926 Consul
715 1891 753 1925 in
780 1891 971 1927 ambabus,

107 1942 224 1980 (cruce
259 1939 356 1973 inter
387 1942 460 1974 130
485 1942 517 1973 et
543 1941 615 1973 135
646 1942 678 1973 et
703 1949 818 1983 supra
843 1942 916 1974 167
947 1939 1073 1983 posita
1110 1939 1273 1974 indicari
1309 1939 1457 1974 uidetur

103 1986 215 2029 plara
240 1986 353 2029 fuisse
377 1986 419 2021 in
445 1986 638 2031 archetypo
663 1997 753 2031 quae
779 1990 897 2021 tamen
923 1997 998 2020 non
1016 1987 1206 2031 potuerint
1231 1987 1327 2031 Ieyi).

204 2048 269 2079 129
296 2044 459 2089 patriam
491 2044 526 2078 V
550 2046 555 2088 Ι
586 2044 700 2079 bacco
732 2045 768 2079 V
787 2045 906 2080 bacho
932 2045 969 2079 P
996 2046 1000 2089 Ι
1034 2044 1116 2079 fluis
1150 2045 1196 2078 V¹
1223 2045 1326 2080 flmys
1361 2045 1409 2079 V²

109 2095 176 2126 130
201 2091 347 2136 ingenis
371 2091 427 2134 Vl
451 2094 620 2126 senatum
650 2092 683 2125 V
754 2096 820 2127 131
848 2091 933 2126 inter
957 2093 1005 2127 al.
1032 2102 1121 2127 corr.
1143 2091 1198 2135 Vl
1223 2092 1368 2127 consius
1390 2092 1424 2126 V
1450 2094 1453 2137 Ι

108 2138 206 2173 orbis
239 2138 274 2172 V
369 2142 568 2173 132—-134
601 2139 769 2184 Exiguae
795 2139 944 2174 munico
972 2139 1101 2174 domus
1129 2140 1185 2174 est
1209 2139 1380 2184 glacialis
1406 2140 1456 2174 im

107 2197 167 2220 mo
202 2186 420 2229 (immeritas
450 2207 490 2211 —
519 2188 645 2221 arctoo
679 2189 759 2230 om.)
787 2187 824 2221 P
917 2190 982 2221 132
1016 2186 1225 2232 inmeritas]
1260 2186 1294 2220 V
1390 2190 1455 2221 133

107 2233 194 2268 mici
227 2233 261 2267 V
346 2237 412 2267 134
438 2233 475 2267 in
501 2233 611 2267 hemo
647 2234 679 2266 Γ
702 2234 752 2267 im
778 2245 837 2268 mo
866 2234 903 2268 P
988 2237 1053 2268 135
1081 2233 1284 2279 burdegale
1311 2233 1348 2268 P
1373 2233 1458 2268 bur-

109 2280 257 2325 degalia
284 2280 316 2314 Τ
