1563 2511
686 73 1004 115 —320—

170 180 239 224 Sic
271 180 437 222 utinam
468 181 607 222 certos
639 194 790 221 manus
822 179 954 233 impia
987 179 1146 234 dirigat
1177 178 1303 233 ictus,
1350 220 1353 221 γ

228 239 460 282 Auctorem
492 241 539 280 ut
570 238 726 280 feriant
758 238 846 279 tela
877 239 1040 279 retorta
1073 252 1208 279 suum.

819 460 865 494 ΙΙ.

99 544 185 569 xxv
214 544 309 577 [vnn]
550 529 911 566 COMMENDATIO
940 528 1136 565 CODICIS.

170 614 253 656 Est
285 616 399 670 quod
430 629 556 656 mane
588 615 726 670 legas,
759 617 824 655 est
855 617 897 655 et
928 614 1041 669 quod
1074 627 1268 668 uespere
1302 613 1426 655 laetis

231 672 351 716 Seria
382 674 651 726 miscuimus,
683 677 877 727 tempore
910 673 973 715 uti
1004 673 1214 739 placeant.

171 733 270 775 Non
302 748 410 774 unus
442 733 558 774 uitae
590 732 708 774 color
739 734 804 773 est
834 746 912 772 nec
944 732 1145 773 carminis
1177 746 1286 773 unus

230 791 404 845 Lector3
436 791 568 833 habet
599 793 768 844 tempus
802 790 964 845 pagina
997 804 1190 845 quaeque
1223 805 1364 844 suum3

172 850 267 892 Hoc
299 851 476 892 mitrata
507 850 670 904 Venus,
702 849 858 903 probat
889 849 970 891 hoc
1003 850 1174 904 galeata
1204 848 1417 904 Minerua3
1498 860 1516 891 5

232 908 403 951 Stoicus
436 909 514 950 has
547 911 712 964 partes,
743 908 822 950 has
855 907 1067 963 Epicurus
1101 911 1235 961 amat3

173 967 303 1009 Salua
335 968 443 1009 mihi
474 970 669 1010 ueterum
701 970 876 1009 maneat
907 967 1007 1009 dum
1038 968 1185 1020 regula
1217 981 1402 1022 morum,

231 1026 417 1068 Plaudat
449 1027 671 1082 permissis
705 1026 851 1068 sobria
883 1041 1005 1068 musa
1036 1026 1153 1068 iocis.

101 1189 206 1215 xxm
227 1189 256 1222 [ι]
665 1177 745 1223 [DE
772 1176 1031 1223 AVGVSTO]

174 1261 347 1303 Phoebe
379 1263 534 1315 potens
567 1261 775 1316 numeris,
807 1275 980 1315 praeses
1015 1260 1210 1303 Tritonia
1244 1261 1385 1315 bellis,

175 1319 240 1362 Tu
274 1335 441 1374 quoque
474 1320 527 1362 ab
562 1321 678 1362 aerio
710 1335 890 1374 praepes
925 1320 1121 1363 Victoria
1154 1321 1297 1375 lapsu,

175 1377 306 1420 Come
340 1382 584 1421 serenatam
616 1379 775 1434 duplici
807 1379 1045 1421 diademate
1077 1379 1261 1421 frontem

176 1436 299 1479 Serta
330 1438 492 1489 ferens,
525 1452 633 1493 quae
660 1439 771 1481 dona
795 1440 942 1493 togae,
976 1452 1084 1493 quae
1116 1439 1308 1493 praemia
1340 1452 1523 1494 pugnae.

175 1496 372 1538 Bellandi
404 1497 606 1552 fandique
638 1500 791 1551 potens
825 1498 1048 1552 Augustus
1080 1497 1288 1540 honorem
1502 1508 1521 1539 5

176 1554 251 1596 Bis
285 1558 438 1610 meret,
471 1559 518 1598 ut
549 1555 738 1611 geminet
770 1556 940 1609 titulos,
973 1556 1045 1611 qui
1076 1556 1243 1610 proelia
1273 1556 1409 1598 Musis

175 1614 407 1669 Temperat
439 1617 482 1656 et
514 1614 711 1656 Geticum
744 1615 990 1657 moderatur
1019 1614 1224 1669 Apolline
1256 1614 1449 1657 Martem.

175 1672 310 1715 Arma
342 1674 454 1715 inter
486 1672 745 1728 Chunosque
778 1677 918 1716 truces
953 1673 1150 1729 furtoque
1182 1678 1385 1716 nocentes

272 1818 292 1847 6
320 1814 463 1849 auctori
490 1814 539 1848 M
563 1813 699 1849 actoris
718 1824 747 1858 p
770 1815 774 1856 Ι
808 1798 970 1848 fiontem
997 1815 1028 1858 (r
1053 1824 1168 1858 supra
1192 1815 1380 1858 repetitum
1406 1814 1468 1858 al.)
1495 1814 1529 1848 V

178 1864 197 1894 7
224 1860 382 1905 imperia
407 1863 511 1904 (corr.
532 1860 729 1905 imperbia)
746 1860 794 1895 G¹
818 1862 822 1903 1
845 1860 1003 1906 diri-igat
1019 1860 1050 1894 T
1071 1863 1075 1904 Ι
1097 1860 1221 1896 hictus
1244 1860 1289 1894 V¹
1317 1860 1439 1906 (iictus
1461 1860 1522 1906 V2)

177 1910 197 1941 8
224 1910 414 1942 auctorem
441 1929 483 1933 —
511 1920 615 1943 suum
649 1907 839 1943 VG¹G2L
883 1908 921 1943 in
955 1908 1147 1953 proprium
1182 1909 1224 1942 ut
1258 1908 1412 1944 redeant
1447 1909 1523 1944 tela

177 1955 317 1989 retorta
344 1956 458 2000 caput
484 1956 608 2000 (manu
632 1953 677 1999 T)
697 1954 759 2000 Zp

68 2015 156 2050 ΒΖ
272 2013 374 2048 XXV
400 2017 513 2049 totum
531 2017 581 2050 est
601 2014 640 2049 in
660 2013 697 2049 Β
717 2013 990 2059 (Bmxellcnsz),
1016 2025 1077 2050 uu.
1096 2017 1165 2050 6—-
1169 2016 1193 2050 8
1213 2015 1254 2049 in
1274 2014 1325 2056 Z;
1351 2014 1394 2049 de
1412 2014 1521 2050 inser.

177 2062 252 2097 uid.
282 2061 370 2096 Birt
400 2061 468 2096 das
492 2061 614 2096 antike
639 2060 858 2097 Buchwesen
886 2064 956 2097 102
1046 2065 1066 2095 2
1093 2063 1135 2096 ut
1162 2062 1198 2096 B
1228 2072 1317 2097 corr.
1345 2061 1477 2107 Pee'per

178 2111 198 2144 5
224 2108 378 2143 mitrata
398 2108 563 2152 Schenkl,
588 2108 722 2144 mirata
740 2108 777 2143 B
852 2112 871 2143 6
899 2120 917 2143 e
920 2120 1079 2154 Ργοωυε
1106 2109 1155 2143 M
1171 2111 1177 2152 Ι
1206 2109 1307 2144 amat
1331 2108 1366 2143 Β
1393 2109 1471 2155 agit
1494 2109 1527 2143 Z

226 2159 246 2190 8
272 2155 429 2201 plaudat
454 2155 489 2190 B
515 2154 643 2190 laudet
668 2155 717 2190 M
738 2155 844 2190 ludat
872 2155 943 2191 TG
971 2158 975 2200 1
1010 2156 1184 2201 ΕΧρῐῐοιτ
1211 2156 1246 2190 Β

121 2217 158 2250 Ζ
275 2213 394 2249 XXVI
425 2214 534 2250 inser.
561 2225 626 2250 om
650 2215 684 2249 Z
707 2215 791 2250 add.
814 2215 1045 2250 Pulmanmts
1144 2218 1162 2248 1
1188 2225 1338 2259 praeses
1364 2215 1412 2251 M
1505 2219 1524 2250 2

171 2265 257 2306 post
271 2272 439 2344 Cpraoepes
466 2272 556 2298 eras.
583 2262 743 2297 nummis
770 2262 820 2297 M
888 2266 908 2296 6
934 2261 1054 2307 prelia
1079 2262 1128 2297 M
1148 2261 1288 2305 praelia.
1310 2261 1345 2297 G
1419 2266 1440 2297 8
1467 2273 1524 2298 co-

178 2319 245 2344 nos
