1563 2511
688 52 1006 94 —478—

511 179 633 214 XVIII
657 177 1006 214 EPISTVLARVM
1032 177 1188 212 LIBER..

169 251 185 285 Ι
215 250 445 296 (Symmachi
472 260 530 295 ep.
557 249 573 284 Ι
600 252 671 291 31).

244 301 285 332 17
314 298 507 333 Ennodius
539 307 597 343 ep.
623 296 692 332 VII
728 301 769 332 16
802 297 948 332 facilius
982 297 1040 331 est
1070 296 1195 341 ignem
1226 296 1264 330 in
1296 306 1404 340 pyras
1442 294 1519 330 ani-

315 347 460 380 matum
484 344 615 390 lingua
641 344 870 390 conprimere
902 355 1014 388 quam
1053 342 1242 378 silentium
1272 342 1368 377 inter
1393 343 1523 387 optata

316 403 475 428 seruare.

246 444 288 475 14
314 440 437 475 Plaut.
473 438 607 474 Bacch.
641 439 675 473 II
708 443 747 483 2,
775 442 819 474 30
859 440 955 484 (180)
993 438 1048 474 ita
1084 448 1143 472 me
1181 437 1361 472 uadatum
1399 447 1524 472 amore

313 487 555 531 uinctumque
583 485 732 520 attines.

245 538 286 569 17
313 533 481 569 Petronii
511 533 557 568 fr.
590 533 745 567 XXVIII
781 532 823 567 B.
882 543 968 567 nam
1003 530 1114 567 citius
1151 530 1318 566 flammas
1349 531 1527 566 mortales

316 592 377 616 ore
409 581 606 623 tenebunt,
641 591 751 625 quam
786 582 928 614 secreta
959 580 1103 624 tegant.
1137 578 1182 613 cf.
1210 578 1349 613 Ennius
1380 589 1438 623 ap.
1467 577 1522 613 Gi-

316 640 439 663 ceron.
469 629 514 663 de
541 630 633 662 orat.
661 626 694 660 H
721 631 777 670 54,
804 630 885 661 220.

167 675 203 709 II
233 674 353 721 [XVII
374 675 460 721 407]
490 679 510 709 2
537 677 576 709 et
602 678 622 709 6
642 674 780 709 Fronto
807 673 853 707 ad
872 672 1011 708 Verum
1032 672 1065 707 II
1086 677 1103 707 1
1126 674 1175 717 (p.
1200 676 1264 707 121
1286 672 1395 717 Nab.)
1416 673 1527 718 plane

313 722 415 757 dicta
435 721 560 757 omnia
587 723 624 756 et
650 722 765 756 uerba
794 720 1000 762 delenifica,
1030 721 1171 765 pietate
1192 721 1228 754 et
1253 719 1326 754 fide
1346 721 1384 755 et
1403 731 1527 756 amore

313 771 352 804 et
378 769 561 803 desiderio
589 768 760 804 dilibuta.

267 820 286 850 3
313 815 503 851 Ennodjus
530 815 598 860 Ep.
624 816 659 850 II
687 819 729 850 19
756 816 820 851 H.:
846 816 889 849 ut
914 813 1177 850 alucinationis
1203 816 1352 849 nostrae
1378 815 1524 850 concin-

312 863 415 898 natio
451 874 526 898 non
560 862 763 898 inhumana
794 862 977 898 uideatur.
1035 860 1177 897 Ennod.
1205 861 1249 904 V,
1278 866 1295 896 1
1322 862 1526 898 inhumana

313 910 611 946 concinnatione.

242 962 285 992 14
312 956 345 993 (Ι
372 957 516 1002 Cupido
541 957 657 1002 praef.
683 956 751 992 in.:
779 957 955 991 nebulam
980 957 1120 1002 pictam
1146 957 1185 990 in
1211 955 1365 1000 pariete.

243 1009 284 1039 19
312 1004 456 1040 Ennod.
479 1004 547 1050 Ep.
568 1004 601 1038 II
623 1008 666 1039 19
686 1003 733 1038 Η.
762 1004 825 1048 qui
850 1006 887 1039 te
913 1004 1012 1039 ultra
1038 1003 1337 1039 emendationem
1363 1003 1527 1039 omnium

315 1052 517 1096 protulisti.

240 1103 283 1134 21
313 1099 441 1134 Cicero
475 1099 519 1134 de
552 1100 645 1134 orat.
671 1099 721 1133 III
748 1100 821 1144 (44)
856 1102 922 1133 173
955 1101 1099 1133 ueteres
1132 1097 1190 1132 illi
1218 1126 1223 1132 .
1252 1126 1259 1132 .
1288 1126 1294 1132 .
1328 1098 1527 1133 uerborum

314 1149 350 1181 et
376 1145 643 1182 sententiarum
672 1147 781 1181 modo
800 1146 1055 1191 interpunctas
1075 1145 1259 1181 clausulas
1285 1145 1323 1179 in
1350 1144 1525 1180 orationi-

314 1195 383 1229 bus
411 1204 490 1229 esse
522 1194 743 1237 uoluerunt,
775 1194 886 1238 idque
912 1193 1085 1238 princeps
1112 1193 1293 1228 Isocrates
1318 1191 1526 1227 instituisse

312 1241 430 1276 fertur
451 1269 459 1276 .
481 1267 489 1276 .
512 1266 520 1275 .
541 1252 627 1276 nam
649 1266 657 1274 .
680 1267 688 1274 .
713 1267 720 1274 .
742 1241 845 1276 uocis
875 1266 882 1274 .
911 1266 918 1274 .
945 1240 1239 1275 moderationem
1265 1241 1303 1275 et
1327 1240 1524 1275 uerborum

314 1288 591 1324 conclusionem
619 1314 626 1322 .
657 1313 665 1322 .
695 1314 703 1322 .
730 1299 752 1323 a
770 1287 918 1334 poetica
944 1288 991 1322 ad.
1018 1287 1271 1331 eloquentiam
1296 1286 1526 1322 traducenda

316 1336 511 1371 duxerunt.

241 1387 283 1417 41
312 1383 435 1418 Plaut.
462 1382 593 1418 Pseud.
621 1385 689 1416 915
715 1381 920 1417 monendus
946 1393 991 1417 ne
1017 1393 1076 1416 me
1101 1392 1264 1417 moneas.

312 1428 345 1465 (Ι
372 1430 486 1465 Cento
513 1428 630 1474 praef.
657 1433 701 1463 31
729 1431 771 1464 ut
796 1428 950 1464 doceam
977 1429 1164 1464 docendus
1190 1428 1283 1474 ipse.

241 1482 285 1512 43
312 1477 456 1511 Ennod.
496 1477 561 1521 Ep.
594 1476 611 1510 Ι
644 1481 681 1511 2:
719 1476 790 1511 hac
832 1476 968 1512 fiducia
1010 1487 1271 1521 prouocassem
1308 1478 1440 1511 uentos
1479 1476 1526 1511 ad

312 1524 486 1568 flandum,
501 1524 548 1558 ad
564 1535 711 1558 cursum
725 1523 889 1566 flumina,
904 1524 1083 1559 Faustum
1098 1535 1222 1558 meum
1234 1524 1281 1558 ad
1294 1522 1523 1558 facundiam.

169 1570 238 1605 IIII
266 1570 368 1617 [VIII
388 1571 472 1617 397]
506 1576 525 1606 5
553 1570 693 1616 Vergil.
714 1572 757 1606 A.
780 1571 847 1605 VII
869 1575 935 1607 779
963 1570 1180 1616 cornipedes
1206 1570 1291 1615 equi
1316 1570 1357 1605 A.
1380 1571 1430 1605 VI
1456 1574 1523 1605 591

316 1619 553 1663 cornipedum
582 1629 773 1663 equorum.

317 1665 349 1702 (Ι
375 1667 441 1709 Ep.
470 1665 553 1699 XVI
581 1669 626 1700 35
653 1665 849 1700 subiuncta
874 1665 1058 1710 petorrita
1083 1665 1203 1700 mulis.

269 1717 288 1747 6
316 1725 369 1757 sq.
398 1712 430 1749 (Ι
457 1714 523 1757 Ep.
550 1713 583 1747 X
611 1717 666 1749 13.

248 1764 290 1794 10
319 1758 351 1796 (Ι
380 1760 447 1805 Ep.
475 1760 560 1794 XVI
587 1763 642 1794 24.
670 1761 712 1794 ut
737 1771 842 1795 mora
868 1760 917 1794 sit
942 1760 1061 1795 libera
1087 1759 1263 1794 desidiae.

172 1806 202 1840 V
235 1807 355 1852 [VIIII
382 1808 466 1853 398]
495 1807 540 1843 of.
567 1807 661 1842 Plin.
690 1820 724 1842 n.
751 1808 786 1842 h.
813 1807 950 1841 XXXII
978 1818 1007 1842 c.
1034 1807 1095 1851 VI,
1124 1810 1275 1842 59—65.

270 1860 287 1888 1
316 1857 512 1899 nepotum:
539 1854 632 1892 Plin.
656 1867 689 1889 n.
711 1855 745 1889 h.
767 1854 907 1888 XXXII
927 1859 971 1889 63
993 1866 1059 1890 nec
1079 1865 1151 1889 non
1171 1854 1269 1889 inter
1288 1864 1355 1888 nos
1374 1853 1519 1898 nepotis

315 1903 505 1937 cuiusdam
536 1902 791 1937 nomenclator
821 1901 990 1937 tridacna
1016 1901 1225 1947 appellauit
1250 1899 1383 1946 (Indici
1407 1900 1519 1935 maris

316 1950 464 1993 ostrea).

265 2000 285 2030 2
315 1994 347 2031 (Ι
373 1996 464 2031 Mos.
495 2000 560 2031 139
588 1995 763 2031 breuibus
795 1997 978 2040 deprensa
1003 1996 1108 2030 uadis
1137 1995 1321 2041 fflefensa:
1355 1995 1399 2030 cf.
1422 1994 1523 2029 infra

315 2046 359 2077 28
387 2048 424 2078 et
450 2046 493 2078 32
521 2042 715 2088 protegit].

311 2096 330 2125 3
358 2090 497 2135 Vergil.
524 2090 566 2124 A.
594 2090 644 2124 VI
669 2094 736 2124 237
766 2090 943 2134 spelunca
971 2120 977 2126 .
1000 2119 1005 2125 .
1030 2119 1037 2126 .
1065 2101 1230 2134 scrupea.

266 2141 286 2172 5
313 2138 357 2173 cf.
387 2136 420 2173 (Ι
446 2138 512 2182 Ep.
539 2137 607 2172 XV
633 2142 677 2171 43
708 2135 740 2172 (Ι
766 2136 856 2172 Mos.
886 2141 940 2172 74.

269 2189 286 2219 7
314 2185 407 2220 Plin.
434 2197 468 2220 n.
495 2185 530 2219 h.
558 2183 696 2219 XXXII
730 2188 773 2219 63
805 2185 970 2229 gaudent
1003 2186 1039 2220 et
1071 2183 1370 2229 peregrinatione
1403 2186 1521 2218 trans-

313 2232 473 2276 ferrique
499 2232 538 2267 in
563 2232 709 2277 ignotas
736 2242 862 2276 aquas.

245 2283 286 2314 13
314 2280 441 2314 Horat.
469 2279 505 2315 C.
533 2278 549 2313 I
574 2282 630 2323 37,
657 2283 677 2313 2
704 2279 801 2313 hunc
829 2278 1031 2314 Saliaribus
1060 2306 1065 2312 .
1089 2308 1095 2314 .
1119 2306 1125 2313 .
1154 2278 1322 2323 dapibus,
1358 2277 1519 2312 Martial.

312 2326 380 2361 XII
406 2330 468 2370 48,
502 2330 544 2360 12
577 2337 643 2362 nec
680 2326 910 2371 Capitolinae
942 2326 1231 2371 pontificumque
1259 2325 1385 2371 dapes.
1419 2324 1522 2369 Sym-
