1563 2511
643 76 957 118 -119—

124 181 214 224 Nec
246 181 349 234 iam,
383 180 590 222 consertis
622 194 697 234 per
728 182 878 221 mutua
909 180 1082 222 uincula
1112 180 1261 234 ramis,

127 239 354 290 Quaeritur
385 239 604 280 exclusum
636 238 762 279 uiridi
795 239 979 293 ealigine
1012 240 1192 280 caelum:
1426 248 1468 280 15

127 298 208 341 Sed
239 297 449 352 liquidum
481 297 606 339 iubar
638 299 680 338 et
712 297 889 338 rutilam
920 298 1160 339 uisentibus
1193 298 1386 339 aethram

125 357 281 399 Libera
311 356 525 411 perspicui
556 370 644 397 non
676 356 840 397 inuidet
872 371 976 397 aura
1008 356 1101 397 diei,

126 417 176 458 In
209 416 394 471 speeiem
425 415 529 469 quin
560 429 627 456 me
659 414 825 468 patriae
859 415 1102 468 cultumque
1134 415 1311 456 nitentis

125 473 385 530 Burdigalae
414 473 574 516 blando
607 474 864 528 pepulerunt
896 473 1041 515 omnia
1072 473 1187 526 uisu,

127 532 327 575 Culmina
358 533 561 574 uillarum
591 532 876 586 pendentibus
912 532 1027 574 edita
1056 532 1162 586 ripis
1424 542 1470 573 20

51 597 54 601 ’
125 593 183 634 Et
214 592 373 634 uirides
406 591 576 634 Baccho
610 591 739 633 eolles
772 594 814 632 et
846 606 1026 634 amoena
1057 591 1217 631 fluenta

126 650 281 693 Subter
311 651 495 693 labentis
526 650 659 692 tacito
692 665 860 692 rumore
893 649 1110 692 Mosellae.

186 709 330 761 salue,
363 710 498 751 amnis
530 709 701 751 laudate
734 710 867 764 agris,
897 709 1070 751 laudate
1103 707 1282 762 colonis,

126 769 317 824 Dignata
349 769 528 824 imperio
561 768 718 809 debent
752 768 819 809 cui
851 768 1022 810 moenia
1053 767 1232 821 Belgae:

125 829 278 869 Amnis
311 827 524 870 odorifero
557 828 660 882 iuga
691 827 808 868 uitea
840 827 1002 869 consite
1035 825 1224 878 Baccho,
1427 834 1471 865 25

126 885 302 928 Consite
334 886 599 941 gramineas,
632 886 770 927 amnis
803 885 1082 939 uiridissime,
1113 885 1247 938 ripas:

125 945 334 1001 Nauiger,
367 949 416 986 ut
447 945 644 1000 pelagus,
679 945 860 986 deuexas
893 959 1053 998 pronus
1086 944 1130 984 in
1161 943 1316 995 undas,

125 1004 187 1045 Vt
218 1004 394 1058 fluuius,
425 1004 647 1059 uitreoque
678 1004 797 1045 lacus
830 1004 1001 1045 imitate
1033 1001 1247 1057 profundo

125 1063 183 1104 Et
214 1063 329 1105 riuos
362 1063 530 1117 trepido
563 1063 680 1117 potis
714 1063 988 1117 aequiperare
1020 1065 1183 1114 meatu,

125 1121 186 1163 Et
216 1122 378 1176 liquido
411 1122 577 1177 gelidos
608 1121 750 1163 fontes
782 1121 1040 1176 praecellere
1072 1122 1196 1174 potu:
1428 1128 1472 1159 30

126 1180 282 1222 Omnia
315 1181 429 1222 solus
461 1181 615 1233 habes,
648 1195 755 1234 quae
787 1180 903 1234 fons,
935 1193 1043 1234 quae
1074 1179 1192 1219 riuus
1226 1179 1268 1218 et
1300 1177 1437 1218 amnis

125 1239 183 1281 Et
214 1241 330 1281 lacus
365 1242 407 1280 et
438 1239 557 1281 binio
590 1239 747 1280 refluus
780 1238 1025 1280 manamine
1056 1239 1228 1292 pontus.

126 1298 190 1339 Tu
221 1297 401 1353 placidis
433 1299 683 1353 praelapsus
718 1298 840 1353 aquis
872 1311 950 1339 nee
983 1310 1203 1338 murmura
1234 1295 1353 1336 uenti

129 1356 245 1412 Vlla,
276 1372 355 1399 nee
388 1357 543 1398 occulti
574 1357 737 1411 pateris
769 1356 1005 1398 luctamina
1038 1356 1142 1397 saxi.

124 1415 225 1457 Non
257 1416 447 1471 spirante
480 1415 590 1458 uado
622 1415 795 1470 rapidos
828 1429 1059 1470 properare
1090 1415 1258 1455 meatus
1431 1422 1474 1453 35

224 1535 267 1565 14
292 1532 374 1577 per]
400 1533 443 1567 in
467 1542 580 1577 vna-ry.
607 1532 645 1566 in
670 1531 722 1566 Rs
821 1534 863 1565 15
891 1530 1073 1565 etelusum
1106 1529 1141 1563 V
1166 1532 1169 1570 Ι
1199 1529 1342 1564 coelum
1368 1527 1404 1562 R

129 1582 172 1613 16
199 1579 367 1613 aeti-ham
395 1580 447 1623 (et
472 1590 515 1613 ex
541 1581 645 1623 corr.)
680 1578 714 1612 V
798 1582 839 1612 17
867 1577 987 1612 iuidet
1013 1577 1045 1612 G
1070 1576 1217 1611 inuidat
1247 1575 1304 1621 Vl
1333 1575 1420 1610 aula
1439 1574 1476 1609 R

177 1630 218 1661 18
245 1626 285 1660 In
312 1627 447 1662 maiore
465 1627 548 1661 init.
569 1627 636 1661 litt.
654 1625 687 1660 G
709 1626 714 1665 Ι
737 1625 827 1669 quin
841 1625 972 1669 Peiper
1005 1635 1087 1658 oum
1108 1637 1135 1658 ω
1162 1625 1242 1658 tum
1261 1623 1446 1667 Boeelciny
1470 1623 1474 1667 Ϊ

126 1671 280 1707 nitentis
307 1672 447 1708 GB²L
471 1673 634 1708 nitentes
661 1672 755 1708 RB1
770 1672 886 1717 V(L⁸)
986 1675 1027 1706 19
1055 1671 1288 1715 Burdegalae
1313 1669 1350 1703 B
1375 1668 1475 1703 rudi-

126 1719 210 1765 gale
236 1719 286 1753 LS
359 1724 403 1755 20
429 1720 520 1765 ripis
548 1720 669 1755 GVL
693 1720 792 1754 uillis
818 1719 855 1754 R
882 1719 979 1754 saxis
1005 1718 1041 1753 B
1070 1720 1075 1764 1
1104 1718 1205 1765 edita
1229 1718 1265 1752 B
1339 1719 1382 1751 21
1410 1716 1477 1751 ba-

127 1768 197 1802 cho
223 1767 303 1802 RB
337 1769 342 1812 Ι
376 1777 510 1814 amena
534 1768 571 1803 B
606 1778 739 1802 amena
764 1766 843 1801 RL
939 1770 983 1801 22
1010 1766 1177 1800 labentes
1203 1764 1238 1798 L
1272 1766 1277 1809 l
1311 1764 1415 1798 tacto
1442 1762 1477 1796 L

125 1814 325 1849 tacitorum
357 1825 419 1849 ore
453 1815 488 1848 V
570 1818 614 1849 23
642 1814 752 1849 Salue
778 1814 914 1849 maiore
938 1814 1020 1848 init.
1049 1814 1115 1848 litt.
1143 1812 1220 1847 ΘΒ
1306 1815 1351 1845 24
1376 1821 1476 1857 moe-

127 1861 191 1896 nia
214 1861 251 1897 B
289 1861 415 1909 menia
440 1861 492 1896 Rs
588 1865 632 1896 25
667 1860 772 1897 odori
797 1862 875 1895 fero
905 1860 941 1895 V
975 1860 1150 1895 odoriferi
1177 1859 1213 1894 R
1247 1865 1251 1903 1
1285 1858 1478 1902 iugiautea

128 1910 201 1953 (pr.
229 1919 320 1944 corr.
345 1909 482 1954 statim)
510 1909 544 1944 G
568 1909 725 1954 gugauit
751 1919 794 1943 ea
824 1908 859 1942 V
883 1910 887 1949 1
917 1906 1078 1942 consiste
1112 1907 1145 1940 V
1170 1907 1174 1950 1
1203 1906 1322 1941 bacho
1349 1904 1431 1940 RB

129 1959 174 1990 26
200 1956 449 2000 grammineas
479 1956 513 1991 V
607 1959 650 1991 27
678 1955 831 1991 diuexas
858 1954 894 1990 R
922 1954 1082 1990 deuexus
1109 1954 1187 1989 BL
1286 1955 1330 1987 28
1356 1952 1413 1997 ut]
1442 1952 1479 1985 et

129 2002 166 2038 R
188 2004 193 2048 Ι
215 2003 342 2037 fiumvs
369 2005 405 2047 (v
431 2004 494 2047 al.)
520 2003 554 2037 L
576 2005 581 2047 Ι
610 2003 781 2038 imitante
808 2003 844 2038 B
923 2006 967 2036 29
994 2001 1094 2036 riuas
1121 2001 1155 2035 L
1178 2002 1182 2044 ῐ
1210 2000 1308 2045 potis
1338 1998 1477 2034 Grono-

129 2051 239 2132 ghi-nst
257 2051 364 2104 potes
391 2050 683 2132 oe·(p(t³ii·tesLGl)
719 2050 724 2095 Ι
758 2048 1063 2132 αῗῖᾳυ1ἔ1ατε11ε131ἰ
1115 2045 1476 2130 323zgelitosflglis

132 2097 978 2189 (αεῖθ111111111ζῖ81ἷᾶῗῃῑοὲίαω1119ῃῑὲἷ1υνῗοωαζ1ιεῖ
989 2143 1193 2177 munimine
1217 2104 1477 2176 {ainornilimine

131 2191 308 2226 Heinsius
405 2195 449 2227 33
480 2192 628 2237 placitis
661 2192 695 2225 V
725 2193 730 2235 1
770 2191 987 2236 praelapsus
1013 2190 1088 2225 ΘΒ
1104 2190 1139 2223 V
1177 2188 1414 2233 precelapsus
1441 2184 1478 2219 R

131 2238 327 2283 praelaxus
352 2238 400 2272 Ls
431 2239 626 2284 prolapsus
657 2238 758 2284 Vyol.
781 2240 787 2282 Ι
815 2248 1001 2273 murmure
1027 2236 1062 2271 L
1160 2240 1204 2271 34
1231 2234 1378 2270 occulta
1410 2232 1443 2266 V
1472 2262 1473 2277 ἦ

132 2308 248 2353 patris
264 2308 298 2342 L
321 2310 326 2352 Ι
350 2294 450 2350 saoxel
476 2308 513 2344 R
587 2312 630 2344 35
658 2308 822 2353 spirante
849 2308 881 2343 Θ
908 2306 1070 2353 speranti
1104 2306 1137 2341 V
1160 2306 1330 2349 sperante
1357 2302 1478 2337 RBL
