1563 2511
107 463 194 505 368

108 698 193 740 368

108 822 193 863 368

108 1174 194 1216 369

136 1446 194 1487 25

562 69 609 73 —
675 56 883 86 LXXXXVI
950 69 998 74 —

227 150 450 205 splendide
491 164 640 191 causas
678 151 915 206 perorauit,
956 153 1004 192 ut
1043 151 1272 205 eligeretur
1304 166 1328 192 a
1360 151 1454 193 uiro

226 210 287 251 ill,
320 209 463 251 Probo
489 211 593 250 tunc
618 209 752 264 praef.
777 212 911 264 praet.
938 210 991 251 ad
1017 210 1244 251 consilium
1264 210 1455 252 tribuen-

226 268 340 310 dum.
401 271 500 322 post
536 267 642 310 haec
681 269 1000 310 consularitatis
1034 269 1223 322 suscepit
1254 269 1456 324 insignia,

227 329 276 368 ut
306 330 474 382 regeret
506 326 728 382 Liguriam
754 327 1072 382 Aemiliamque
1103 328 1350 381 prouincias
1384 343 1456 370 ue-

226 386 374 440 nitque
407 385 696 427 Mediolanum
730 392 892 427 (Paulini
917 392 997 427 uita
1023 392 1211 427 Ambrosii
1237 404 1266 427 c.
1295 397 1315 428 3
1343 394 1381 428 et
1407 393 1456 434 5).

227 465 270 503 et
302 462 386 503 369
435 463 651 503 Ausonius
697 462 1050 503 Valentinianum
1102 465 1144 503 et
1187 461 1457 516 Gratianum,

228 522 450 563 etiamtum
478 522 738 574 proeliorum
763 521 1046 577 inpatientem
1075 536 1123 563 ac
1150 521 1358 576 laborum,
1390 536 1455 564 co—

225 581 405 621 mitatur
437 580 480 621 in
513 579 843 634 expeditione
876 580 1213 622 Alamannica
1246 586 1376 628 (Cento
1402 599 1456 632 pr.

227 641 283 673 20.
318 636 443 682 Griph.
470 649 525 682 pr.
549 640 604 671 12.
631 636 723 671 Mos.
746 640 825 671 422.
854 636 1000 671 Bissula
1020 636 1071 671 ΙΙΙ
1091 638 1140 681 4).

227 697 460 738 Alamanni
492 697 723 738 uincuntur
756 697 808 738 ad
833 696 1083 739 Solicinium
1111 701 1154 738 et
1174 698 1457 752 Lupodunum

225 753 331 799 (Mos.
348 757 414 788 422
431 765 513 798 sqq.
541 765 597 799 ep.
613 757 657 788 28
673 755 710 789 et
724 757 781 788 31.
803 755 986 790 Ammian.
1001 754 1184 789 XXVIIlO
1212 759 1232 790 8
1248 755 1348 789 XXX
1365 758 1396 798 7,
1413 756 1458 800 7).

1189 784 1196 800 ²

227 821 312 863 369
348 820 677 862 Valentinianus
710 821 909 862 Rhenum
948 836 1119 863 amnem
1152 837 1175 863 a
1208 821 1458 863 Raetiarum

227 880 401 921 exordio
435 880 488 920 ad
519 894 651 933 usque
677 879 873 921 fretalem
906 895 1111 922 oceanum
1138 880 1306 934 magnis
1334 880 1458 922 moli-

224 939 306 980 bus
340 939 675 992 communiebat3
708 937 829 980 Nicri
862 943 1052 980 meatum
1085 940 1289 981 aliorsum
1316 939 1459 992 uertit,

225 999 345 1039 trans
384 998 583 1039 Rhenum
627 998 672 1038 in
716 1001 860 1039 monte
900 997 987 1039 Piri
1031 999 1344 1039 munimentum
1390 1012 1455 1038 ex-

225 1057 381 1098 struxit
412 1063 611 1104 (Ammian.
632 1063 789 1097 XXVIII
812 1068 842 1107 2,
866 1069 882 1097 1
899 1075 977 1108 sqq.
1004 1063 1107 1098 XXX
1129 1069 1159 1108 7,
1183 1069 1214 1099 6.
1243 1063 1457 1108 Symmachi

224 1113 391 1149 laudatio
418 1113 672 1148 Valentiniani
692 1113 725 1147 II
745 1116 792 1157 4).

228 1174 350 1216 Febr.
391 1173 718 1229 Symmachus
745 1175 915 1229 legatus
943 1175 994 1216 ad
1023 1175 1275 1216 comitatum
1294 1175 1339 1215 in
1361 1174 1458 1216 Gal-

224 1233 326 1275 liam
366 1234 487 1275 uenit
531 1239 679 1281 (Auson.
714 1240 761 1274 ad
788 1239 924 1284 Syrum.
957 1240 1054 1275 infra
1080 1241 1146 1285 Ep.
1174 1241 1209 1275 ΙΙ
1235 1244 1278 1275 29
1307 1240 1394 1274 dum
1420 1239 1459 1274 in

226 1290 408 1326 comitatu
435 1290 604 1334 degimus
631 1290 740 1325 ambo
767 1301 860 1325 aeuo
888 1291 1046 1335 dispari,
1073 1291 1137 1325 ubi
1162 1293 1203 1325 tu
1228 1291 1365 1326 ueteris
1390 1289 1459 1325 mi-

227 1338 331 1372 litiae
352 1337 519 1382 praemia
538 1337 610 1372 tiro
631 1336 814 1381 meruisti,
839 1349 907 1382 ego
927 1338 1143 1373 tirocinium
1162 1339 1237 1373 iam
1258 1339 1458 1373 ueteranus

227 1385 403 1430 exercui).

226 1445 350 1488 Febr.
395 1444 723 1500 Symmachus
755 1445 1039 1499 panegyricos
1072 1446 1273 1487 recitauit
1303 1445 1458 1487 Valen-

224 1505 391 1546 tiniano
425 1508 468 1546 et
495 1504 713 1546 Gratiano.
764 1505 963 1546 Treueris
995 1505 1032 1546 is
1066 1519 1192 1560 saepe
1225 1505 1271 1546 in
1297 1505 1457 1546 mensis

226 1564 407 1605 Ausonii
434 1567 632 1605 uersatur
664 1569 815 1614 (Symm.
836 1581 893 1614 ep.
915 1570 1012 1605 infra
1031 1583 1065 1615 p.
1084 1575 1161 1614 142,
1177 1574 1233 1605 30.
1264 1569 1309 1605 cf.
1328 1569 1456 1615 Griph.

224 1641 278 1674 pr.
302 1634 344 1664 20
378 1641 487 1674 super
512 1640 677 1663 mensam
704 1628 853 1670 meam).
898 1623 950 1664 ad
971 1623 1210 1664 Ausonium
1237 1623 1457 1676 pertinent

226 1682 388 1734 laudes,
421 1697 525 1736 quas
558 1681 838 1736 Symmachus
872 1681 1081 1724 Gratiano
1113 1682 1266 1723 tribuit
1304 1687 1456 1732 (Symm.

226 1739 325 1773 laud.
353 1738 456 1773 Grat.
484 1743 503 1782 1}
524 1741 569 1784 7).

107 1804 191 1841 368
221 1814 277 1854 ep
289 1815 326 1853 p.
348 1800 403 1840 28
427 1806 473 1840 et
494 1799 545 1840 31
583 1802 655 1851 „ad
681 1800 935 1840 Danuuiun1“
961 1803 1073 1840 iussu
1098 1803 1348 1851 imperatoris
1375 1802 1456 1841 uic-

225 1863 370 1899 toriam
408 1863 457 1899 ab
489 1862 723 1899 Alamannis
761 1864 1006 1910 reportatam
1044 1862 1219 1900 celebrat
1250 1861 1455 1899 Ausonius

227 1916 287 1959 (cf.
315 1916 407 1950 Mos.
429 1920 499 1950 424
524 1915 688 1950 fontem.
706 1915 924 1959 ..ignotum
952 1915 1095 1958 Histri).

225 1980 329 2017 circa
371 1980 477 2017 idem
522 1982 677 2027 tempus
721 1979 760 2016 in
805 1978 1052 2028 expeditione
1096 1979 1261 2016 militari
1307 1978 1455 2017 Cento

225 2039 397 2087 scriptus
440 2039 551 2076 iussu
590 2038 878 2085 Valentiniani,
920 2038 1154 2087 imperatori
1193 2040 1232 2075 et
1265 2037 1454 2075 Gratiano

224 2097 410 2146 Augusto
450 2097 674 2145 adscriptus
715 2099 844 2141 &Cento
871 2112 925 2145 pr.
956 2103 1029 2145 12),
1073 2099 1165 2146 post
1202 2096 1455 2145 imperatoris

226 2156 380 2193 obitum
418 2157 467 2193 ad
500 2156 669 2193 Paulum
700 2156 863 2204 missus3
902 2156 999 2194 item
1030 2156 1071 2192 in
1103 2155 1351 2204 expeditione
1385 2155 1454 2192 mi-

224 2215 334 2252 litari
361 2214 570 2264 Griphus
604 2230 670 2261 «pr.
692 2219 751 2259 20)
778 2218 918 2264 postea
945 2215 1180 2264 Symmacho
1207 2214 1365 2262 missus,
1396 2216 1456 2251 at·

225 2286 301 2323 que
334 2274 453 2311 etiam
486 2273 570 2311 Vir
601 2273 753 2311 bonus
786 2277 844 2317 (cf.
872 2289 905 2312 u.
931 2281 972 2311 10
1000 2288 1081 2311 cum
1110 2275 1282 2311 Centonis
1308 2288 1362 2320 pr.
1385 2276 1455 2317 59).
