1563 2511
595 58 888 100 ,32-

69 164 179 206 Τ11111
211 163 442 219 profugum
475 164 519 205 in
551 164 695 218 terris,
729 178 805 219 per
836 178 941 219 quas
975 165 1162 220 erumpit
1192 164 1378 208 Aturrus

127 223 402 278 Tarbellique
435 221 554 264 furor
584 224 818 278 perstrepit
851 225 1018 278 oceani,

69 281 320 324 Grassantis
354 282 512 323 dudum
545 281 740 324 fortunae
772 283 860 324 tela
891 286 1120 337 pauentem

127 341 336 396 Pauperis
367 341 577 382 Aemiliae
610 341 805 384 condicio
836 342 1045 396 inplicuit.

69 399 170 442 Mox
201 400 341 442 tenuis
375 401 510 442 multo
544 401 738 455 quaesita
770 401 951 454 pecunia
983 400 1082 442 nisu
1377 412 1419 443 15

129 457 332 501 Solamen
363 459 495 514 fesso,
526 474 614 501 non
647 462 690 500 et
722 474 823 513 opes
856 459 1022 500 tribuit.

69 518 134 560 Tu
168 519 275 560 caeli
307 533 508 560 numeros
543 521 586 560 et
618 519 790 560 conscia
826 518 965 560 sidera
997 518 1076 559 fati

129 576 328 620 Callebas
363 578 551 619 studium
584 577 906 619 dissimulanter
939 591 1083 632 agens.

69 634 170 678 Non
202 637 354 691 ignota
384 636 466 678 tibi
497 639 670 678 nostrae
703 651 870 691 quoque
903 637 1090 679 formula
1121 636 1256 691 uitae,

130 694 322 751 Signatis
356 710 484 750 quam
516 700 563 737 tu
597 696 849 738 condideras
881 695 1059 750 tabulis,
1375 706 1420 738 20

69 754 246 796 Prodita
277 769 362 796 non
395 769 615 809 umquam3
648 755 721 796 sed
754 755 905 796 matris
939 769 1040 796 cura
1071 755 1242 808 retexit,

131 812 286 855 Sedula
322 828 450 868 quam
482 814 624 854 timidi
656 828 756 855 cura
787 814 963 868 tegebat
995 814 1076 855 aui.

71 872 134 914 Tu
165 872 316 914 nouies
350 872 482 914 denos
514 873 651 914 uitam
684 887 779 918 cum
811 872 982 914 duxeris
1016 887 1169 927 annos,

129 931 344 985 Expertus
376 931 517 972 Fortis
549 932 637 973 tela
670 931 858 973 cauenda
889 931 1010 981 deae,

71 990 292 1031 Amissum
325 990 440 1031 flesti
471 1005 547 1045 per
578 991 692 1031 trina
725 991 930 1032 decennia
962 993 1112 1032 natum
1375 1001 1418 1032 25

131 1049 325 1091 Saucius:
358 1049 440 1091 hoc
473 1050 559 1091 leto
591 1050 753 1091 lumine
786 1064 932 1091 cassus
966 1064 1070 1091 eras.

70 1108 253 1150 Dicebas
288 1109 359 1150 sed
393 1111 435 1149 te
469 1109 628 1150 solacia
660 1109 793 1164 longa
824 1109 987 1162 fouere,

131 1167 254 1216 Quod
287 1182 381 1209 mea
413 1168 668 1221 praecipuus
701 1168 791 1209 fata
824 1170 1019 1209 maneret
1049 1167 1200 1210 honos.

70 1226 129 1268 Et
160 1227 286 1268 modo
320 1226 512 1268 conciliis
547 1227 786 1268 animarum
819 1227 950 1268 mixte
983 1227 1177 1280 priorum

128 1285 238 1327 Fata
270 1286 332 1327 tui
366 1288 479 1327 certe
512 1289 617 1327 nota
647 1287 818 1340 nepotis
851 1286 997 1327 habes.
1377 1297 1420 1329 30

71 1343 232 1399 Sentis,
266 1343 379 1399 quod
413 1349 633 1399 quaestor,
667 1345 779 1399 quod
812 1347 854 1386 te
886 1344 1127 1399 praefectus
1162 1347 1203 1386 et
1235 1345 1346 1386 idem

130 1402 291 1445 Consul
324 1403 562 1446 honorifico
597 1419 770 1445 munere
803 1418 1089 1446 conmemoro.

0 1557 76 1588 [164]
273 1542 315 1577 V.
354 1543 558 1578 AEMILIA
587 1542 854 1579 CORINTHIA
879 1542 1053 1578 MAVRA
1079 1542 1207 1580 AVIA.

70 1627 300 1669 Aemiliam
334 1642 447 1669 1111110
479 1628 568 1669 fare
602 1628 760 1682 auiam,
794 1629 865 1683 pia
899 1643 1000 1670 cura
1030 1629 1218 1683 nepotis,

131 1686 328 1729 Coniunx
361 1687 576 1741 praedicto
611 1702 718 1742 quae
750 1689 832 1728 fuit
864 1687 1062 1730 Arborio.

69 1745 239 1787 Nomen
271 1746 370 1787 huic
402 1746 589 1788 ioculare
623 1746 789 1788 datum:
831 1750 924 1789 cute
956 1746 1079 1789 fusca
1112 1747 1224 1801 quod
1257 1747 1360 1788 011111

167 1866 208 1896 13
235 1864 447 1906 grassantes
481 1862 515 1896 V
537 1873 627 1897 corr.
655 1862 829 1908 Luqdun.
859 1864 864 1908 Ι
895 1863 1095 1908 pabentem
1129 1862 1164 1897 V
1260 1867 1302 1897 14
1330 1863 1420 1898 emi-

68 1908 118 1944 lie
149 1909 183 1943 V
254 1913 295 1944 16
322 1910 418 1944 fesso
446 1910 620 1956 Luydun.
648 1909 745 1945 ferro
781 1910 815 1944 V
888 1915 929 1946 17
958 1910 1045 1945 fatis
1077 1910 1111 1945 V
1132 1921 1223 1945 corr.
1244 1910 1419 1955 Luydmz.

142 1960 184 1991 19
210 1956 366 2003 ignoffta
397 1957 431 1991 V
524 1961 565 1991 21
594 1969 684 1992 non:
713 1958 774 1992 alt.
803 1970 825 1991 11
852 1958 893 1992 in
918 1969 990 1993 ras.
1018 1959 1065 1992 αῖ.
1101 1957 1134 1992 V
1165 1959 1170 2002 Ι
1203 1958 1242 1992 in
1268 1958 1359 1993 atris
1392 1958 1427 1992 V

69 2014 160 2039 corr.
188 2004 360 2039 Pithoeus
440 2008 483 2038 22
512 2005 611 2049 quod
638 2005 816 2039 Heinsius
841 2016 913 2049 quo
949 2005 1005 2048 V}
1037 2005 1097 2039 aui
1123 2005 1295 2050 Luyclun.
1323 2006 1362 2041 ui
1390 2006 1424 2039 V

140 2055 184 2085 23
211 2051 340 2086 nobics
374 2051 431 2097 Vl
454 2052 554 2087 uitae
581 2053 659 2086 Aoet
681 2054 685 2095 Ι
708 2064 821 2096 quum
848 2053 882 2087 V
959 2056 1005 2087 24
1031 2052 1140 2099 deae]
1168 2053 1236 2087 dae
1271 2053 1305 2086 V
1327 2064 1420 2088 corr.

68 2097 241 2142 Lugydzm.
317 2102 360 2133 25
387 2099 484 2133 flesti
505 2100 668 2145 Scaliger
693 2103 727 2141 1,
748 2105 772 2135 S
798 2100 886 2135 fletu
915 2100 948 2134 V
967 2102 972 2144 Ι
993 2111 1059 2145 per
1082 2100 1214 2144 Peiper
1239 2102 1326 2145 post
1354 2101 1386 2134 V
1413 2102 1417 2146 Ι

68 2146 225 2191 nsatum:
261 2158 282 2180 11
310 2147 357 2181 al.
384 2147 425 2180 in
450 2157 522 2181 ras.
558 2147 591 2180 V
685 2151 729 2181 26
763 2148 909 2182 ocletuo
941 2147 976 2182 V
1010 2148 1078 2182 hoo
1111 2147 1186 2182 leto
1213 2148 1384 2183 Brandes
1413 2147 1415 2190 ἑ

71 2192 235 2238 cassusss:
265 2206 280 2227 s
307 2194 348 2227 in
372 2204 444 2228 ras.
473 2195 519 2228 al.
547 2195 605 2237 (ex
623 2205 685 2229 rus
700 2197 729 2239 22)
757 2195 791 2228 V
860 2199 903 2230 29
926 2195 1042 2230 mixta
1070 2195 1102 2229 V
1119 2205 1209 2230 corr.
1234 2195 1384 2230 Vinecus
1412 2195 1415 2241 1

70 2239 215 2284 piorum
241 2241 299 2275 uel
323 2240 470 2285 piarum
505 2241 653 2276 Vinctus
751 2246 795 2277 30
822 2243 909 2277 abes
945 2242 973 2276 V

164 2299 197 2333 V
234 2312 356 2334 EMILIA
383 2312 547 2335 conm‘rtA
580 2301 615 2335 V
708 2305 727 2335 2
756 2302 888 2336 coniux
922 2301 956 2336 V
