1563 2511
64 459 105 489 10

65 636 100 665 11

650 47 964 89 —356—

131 153 336 209 gnomina
374 152 622 194 felicitatis:
661 152 734 194 sed
773 153 859 194 alia
896 154 961 194 est
999 152 1085 193 ista
1116 152 1296 193 materia
1328 154 1370 193 et
1401 166 1477 194 suo

130 215 284 267 parata
327 214 509 263 secreto,
553 225 651 253 cum
688 212 899 265 placuerit
944 211 1167 266 signanter
1209 213 1251 252 et
1288 211 1478 252 breuiter

132 271 294 325 omnia,
332 285 439 325 quae
477 271 695 325 nouimus,
735 271 923 312 indicare
960 285 1038 312 nec
1075 270 1289 324 persequi,
1327 272 1375 310 ut
1406 270 1480 324 qui

131 332 345 372 terrarum
386 329 532 371 orbem
564 330 689 371 unius
721 330 896 371 tabulae
929 329 1093 371 ambitu
1125 329 1481 370 circumscribunt
1499 340 1532 366 65

132 389 354 443 aliquanto
400 389 659 430 detrimento
707 389 1036 443 magnitudinis,
1085 388 1206 429 nullo
1258 387 1479 441 dispendio

131 448 340 489 ueritatis.
401 462 512 489 nunc
545 450 706 502 autem,
739 448 852 502 quod
885 448 969 488 diei
1000 447 1127 488 huius
1159 446 1397 501 proprium,
1430 446 1481 487 de

132 507 359 549 consulatu
385 507 548 561 gratias
576 520 716 561 agam.
763 506 835 548 sed
862 508 1122 561 procurrunt
1148 508 1190 546 et
1211 505 1320 547 aliae
1342 505 1479 559 digni-

132 568 243 608 tates
290 568 418 620 atque
459 566 503 606 in
542 580 690 607 uocem
731 565 1036 621 gratulationis
1082 567 1312 618 erumpunt
1350 579 1399 605 ac
1438 578 1482 605 se

133 625 251 680 prius
291 625 444 666 debere
482 625 749 678 profitentur.
812 627 880 665 tot
918 624 1076 678 gradus
1108 624 1278 665 nomine
1311 623 1482 665 comitis

133 686 310 738 propter
340 686 416 725 tua
447 684 714 725 incrementa
739 684 953 737 congesti:
987 698 1038 724 ex
1070 686 1145 724 tuo
1173 682 1327 724 merito
1360 685 1402 723 te
1436 696 1484 723 ac

133 746 254 797 patre
294 742 562 796 principibus
601 745 834 796 quaestura
874 742 1112 783 communis
1146 745 1189 783 et
1219 741 1283 782 tui
1314 744 1483 782 tantum

135 802 403 856 praefectura
436 800 652 855 beneficii,
685 815 793 855 quae
826 803 868 841 et
900 801 995 855 ipsa
1025 814 1114 842 non
1145 801 1240 841 uult
1265 801 1357 842 uice
1384 800 1483 841 sim-

135 861 233 915 plici
278 860 508 915 gratulari,
553 860 772 901 liberalius
817 860 957 901 diuisa
1001 874 1130 914 quam
1173 860 1342 901 iuncta:
1389 874 1485 900 cum

134 923 355 961 teneamus
395 918 477 960 duo
510 919 744 974 integrum,
782 923 933 960 neuter
973 918 1190 960 desiderat
1228 921 1484 973 separatum.
1506 931 1519 956 τ

223 977 300 1019 ΙΙΙ.
340 977 423 1019 Sed
450 978 543 1032 illa,
577 980 625 1019 ut
651 978 780 1032 paulo
809 981 909 1020 ante
942 978 1140 1032 promisi,
1172 977 1393 1019 habebunt
1420 977 1485 1017 sui

137 1037 324 1078 muneris
358 1037 570 1091 peculiare
599 1039 821 1079 secretum.
871 1037 1118 1079 consulatus
1149 1036 1218 1078 hic
1244 1051 1364 1078 meus
1392 1039 1487 1077 orat

138 1099 266 1150 atque
306 1097 521 1150 obsecrat,
559 1099 607 1138 ut
640 1096 872 1138 obnoxiam
903 1096 983 1137 tibi
1015 1096 1089 1137 11111
1123 1095 1238 1137 sinas
1270 1095 1363 1136 fieri
1396 1095 1487 1136 eius

137 1155 413 1221 dignitatem,
453 1169 579 1210 quem
619 1156 817 1197 omnibus
856 1155 1115 1210 praetulisti.
1172 1157 1277 1209 quot
1317 1154 1487 1209 quidem

138 1217 181 1256 et
212 1215 304 1268 ipse
337 1214 422 1255 sibi
453 1214 621 1255 inuenit
654 1215 830 1270 gradus!
876 1229 973 1256 cum
1006 1214 1244 1256 clarissimo
1277 1214 1370 1255 uiro
1404 1213 1487 1255 col-

138 1273 237 1328 lega
269 1287 364 1315 meo
396 1273 559 1315 honore
592 1275 862 1328 coniunctus,
900 1273 1218 1327 nuncupatione
1257 1273 1488 1327 praelatus,

138 1332 286 1374 consul
314 1346 406 1387 egO,
431 1333 667 1386 imperator
687 1332 895 1387 Auguste,
921 1346 1094 1373 munere
1120 1334 1194 1373 tuo
1221 1346 1308 1373 non
1334 1346 1487 1386 passus

139 1394 291 1445 saepta
315 1406 452 1446 neque
479 1406 691 1446 campum,
723 1406 809 1433 non
836 1392 1050 1446 suffragia,
1081 1406 1168 1433 non
1199 1394 1371 1446 puncta,
1403 1405 1489 1432 non

138 1451 318 1492 loculos:
361 1451 433 1504 qui
465 1465 551 1492 non
583 1451 877 1505 prensauerim
909 1465 1062 1492 manus
1095 1465 1174 1491 nec
1207 1449 1488 1491 salutantium

139 1509 342 1551 confusus
382 1523 559 1551 occursu
598 1512 672 1551 aut
711 1524 787 1551 sua
825 1509 974 1551 amicis
1012 1509 1188 1551 nomina
1225 1523 1311 1550 non
1351 1508 1487 1549 reddi-

139 1568 291 1622 derim,
338 1571 413 1609 aut
458 1569 598 1610 aliena
642 1569 939 1622 imposuerim:
983 1569 1055 1623 qui
1099 1568 1237 1609 tribus
1282 1582 1369 1609 non
1414 1566 1489 1608 cir-

139 1627 316 1680 cumiui,
355 1628 570 1669 centurias
611 1642 699 1669 non
732 1628 922 1682 adulaui,
960 1628 1127 1669 uocatis
1160 1627 1370 1668 classibus
1404 1640 1491 1668 non

138 1686 358 1739 intremui,
401 1687 510 1727 nihil
542 1701 637 1728 cum
672 1689 890 1741 sequestre
925 1686 1120 1740 deposui,
1165 1701 1260 1727 cum
1293 1685 1490 1727 distribu-

138 1747 232 1786 tore
274 1745 334 1786 nil
371 1745 530 1800 pepigi.
580 1745 800 1787 Romanus
839 1746 1042 1800 populus,
1080 1745 1262 1787 Martius
1303 1759 1492 1798 campus,

236 1865 279 1895 62
307 1860 526 1896 foelicitatis
557 1861 589 1895 T
682 1865 726 1896 64
752 1872 820 1896 nec
850 1862 919 1897 TG
946 1872 1065 1906 neque
1092 1861 1140 1895 M
1218 1865 1262 1895 66
1290 1860 1491 1904 aliquando

142 1908 310 1953 Souchay
409 1911 452 1943 68
480 1909 673 1943 consolatu
700 1909 733 1943 G
832 1913 875 1943 69
903 1909 960 1954 ac]
995 1909 1042 1943 ad
1068 1909 1101 1943 G
1199 1912 1242 1942 72
1269 1910 1375 1953 parte
1403 1907 1436 1942 G-

142 1958 185 1989 73
211 1954 401 1989 beneficiis
433 1956 464 1989 T
560 1958 602 1990 75
631 1955 819 1990 desiderat
848 1958 874 1989 Z
900 1956 1085 1991 desideret
1113 1955 1193 1990 Tozl

236 2001 287 2035 III
315 2006 358 2036 ’76
386 2002 442 2036 sui
467 2003 629 2037 muneris
656 2013 721 2037 om.
747 2003 779 2037 T
861 2007 905 2037 78
933 2003 1093 2038 obnoxni
1123 2003 1156 2036 T
1237 2006 1280 2037 79
1307 2000 1493 2054 digni-tate

146 2048 200 2094 T}
224 2050 316 2092 quot
339 2049 419 2084 loll
445 2049 542 2093 quod
570 2050 613 2093 Z,
639 2050 665 2092 f.
681 2051 778 2093 quod
807 2050 957 2093 quidem
984 2052 1021 2085 et
1045 2050 1166 2094 ipsum
1193 2050 1285 2093 quot
1310 2048 1382 2084 sibi
1408 2047 1430 2083 i.
1457 2061 1493 2094 g.

194 2099 238 2130 80
264 2096 422 2140 inuenit]
448 2097 568 2131 iunxit
593 2097 724 2141 Haupt
799 2101 842 2131 82
870 2097 921 2131 mi
946 2109 990 2141 pr
1021 2098 1053 2131 T
1073 2100 1078 2141 Ι
1101 2109 1184 2140 aug.
1213 2097 1246 2131 G
1321 2100 1366 2131 84
1392 2108 1493 2140 pr-es

147 2143 306 2178 sanerim
335 2143 422 2178 TM
453 2156 503 2188 pr
498 2155 723 2178 ensaueiam
750 2145 782 2185 G
817 2147 822 2188 1
857 2145 1083 2179 salutantum
1109 2145 1156 2178 Μ
1250 2148 1294 2178 86
1321 2144 1387 2178 aut
1411 2147 1495 2178 ante

146 2189 284 2236 aliena]
312 2192 354 2225 ut
380 2191 426 2225 M
455 2193 461 2235 Ι
495 2191 646 2226 circuiui
675 2192 706 2225 T
777 2195 820 2226 87
848 2192 1007 2237 uocatis]
1035 2192 1114 2227 iure
1140 2191 1284 2226 uocatis
1311 2191 1494 2226 Graeuz'us

195 2241 239 2272 88
266 2238 433 2320 (ῗεροειιί
458 2239 611 2274 Schenkl
635 2249 731 2283 susp.
761 2240 766 2282 Ι
799 2238 993 2275 diribitore
1020 2239 1107 2274 Par.
1193 2241 1237 2272 89
1264 2238 1400 2283 pepcgi
1428 2238 1461 2272 T
1486 2238 1490 2283 Ι

148 2296 235 2320 rom.

1503 636 1536 660 70

1506 1226 1540 1251 80

1509 1521 1544 1545 85
