1563 2511
573 119 626 124 -—
690 108 792 136 VIIII
859 120 906 124 -

70 201 148 243 tali
174 200 437 243 conlectione
464 200 726 242 instituenda
752 201 846 255 quis
872 215 960 243 non
985 201 1170 255 primum
1200 201 1244 242 in
1271 201 1411 243 locum

72 260 364 302 arcessiuisset
401 258 626 301 Mosellam
665 259 717 300 ab
761 260 959 300 omnibus
1000 260 1196 314 partibus
1230 260 1412 301 maxime

72 318 444 360 adcommodatum
477 332 648 359 carmen
680 332 777 359 eum
810 318 853 358 in
885 332 1027 371 usum,
1063 319 1152 360 siue
1185 333 1251 360 res
1284 319 1413 373 ipsaS,

71 392 177 432 quae
217 377 278 418 ibi
317 379 556 418 tractantur
597 377 820 431 respicias,
871 379 961 418 siue
1004 392 1088 431 qua
1132 378 1306 431 plenum
1348 380 1414 418 est

70 436 276 490 pietatem
310 449 412 490 erga
443 436 628 490 patriam
661 437 786 490 atque
826 435 1038 488 dominos3
1077 436 1170 490 quis
1209 451 1295 477 non
1330 436 1414 477 alia

71 495 342 548 desideraret,
374 506 482 549 quae
512 494 726 536 neminem
762 497 962 548 poterant
994 494 1237 536 offendere?
1292 509 1413 549 prae—

71 554 218 595 sertim
264 567 358 595 cum
400 553 635 594 inducendo
676 553 821 606 potius
864 556 906 594 et
946 553 1125 595 delendo
1169 568 1297 607 quam
1339 553 1412 595 eli-

71 612 208 667 gendo
236 627 285 653 ex
313 612 618 666 opusculorum
645 626 823 666 corpore
849 612 958 654 hanc
982 612 1289 654 conlectionem
1317 626 1413 654 con-

71 671 206 712 ditam
250 671 419 712 diceres.
481 685 558 712 nec
601 670 741 712 minus
783 674 895 712 recte
933 673 1025 712 tum
1068 671 1350 712 obscenorum
1393 685 1413 711 e

69 732 191 772 textu
222 729 475 771 Ausoniano
513 732 774 771 resectorum
815 730 1092 784 appendicem
1133 730 1293 771 diceres
1329 743 1413 771 ser-

70 792 217 830 uatam
248 789 292 830 in
325 788 495 829 Tiliano
528 789 856 830 conlectionem:
888 803 988 830 nam
1022 803 1066 829 re
1101 803 1204 830 uera
1236 789 1272 829 is
1304 788 1413 830 liber

72 862 167 889 cum
195 847 373 889 adseclis
395 848 587 888 continet
613 847 819 902 quidquid
844 848 1121 888 lasciuiarum
1142 862 1218 901 per
1237 847 1414 901 longam

72 908 255 948 aetatem
300 906 537 947 conlectum
582 906 698 947 domi
740 906 892 947 habuit
936 920 1062 947 senex
1101 920 1236 960 neque
1282 905 1415 946 edidit

74 967 170 1007 ante
193 979 319 1020 quam
340 967 476 1005 morte
498 964 872 1019 adpropinquante
892 965 1055 1019 ingenii
1069 979 1178 1006 uena
1193 968 1414 1005 aresceret.

72 1024 114 1065 id
147 1024 258 1077 quod
291 1023 394 1064 olim
426 1038 493 1064 me
525 1023 725 1077 perlexit,
757 1026 805 1064 ut
837 1023 1112 1078 appendicem
1147 1023 1414 1064 sublatorum

72 1097 121 1123 ex
155 1082 307 1123 scediis
341 1082 527 1123 auctoris
555 1082 737 1122 dicerem
763 1081 954 1123 familiae
982 1082 1011 1122 Z
1039 1082 1161 1122 libris
1194 1081 1414 1135 contineri,

72 1156 166 1183 cum
192 1141 386 1194 partibus
413 1140 692 1182 conlectionis
714 1141 767 1181 ab
789 1141 881 1194 ipso
906 1143 1034 1194 poeta
1061 1140 1276 1194 profectae
1303 1140 1414 1181 male

71 1199 424 1254 conglutinatam.
494 1213 576 1253 qua
613 1199 657 1240 in
694 1214 739 1241 re
778 1214 1037 1254 quamquam
1076 1199 1232 1254 erraui,
1269 1201 1415 1240 tamen

70 1258 246 1313 propius
279 1273 303 1298 a
335 1272 436 1299 uero
469 1272 655 1299 errorem
694 1273 835 1299 meum
874 1258 1050 1312 afuisse,
1090 1273 1217 1312 quam
1256 1258 1416 1312 specio-

72 1332 140 1359 sas
163 1317 344 1358 aliorum
366 1317 588 1370 opiniones
610 1317 683 1371 eis,
710 1331 816 1371 quae
842 1331 970 1370 porro
993 1319 1269 1371 exponentur,
1291 1330 1413 1371 spero

70 1375 249 1431 patebit.

160 1434 272 1476 Nam
305 1449 402 1475 eum
435 1448 560 1488 quem
593 1433 679 1475 dixi
707 1433 897 1475 ordinem
923 1435 1170 1476 incohatum
1201 1435 1245 1475 in
1276 1434 1415 1487 prima

73 1493 258 1535 editione
286 1493 386 1534 anni
413 1493 511 1547 383,
543 1493 663 1534 cuius
698 1493 819 1547 quasi
847 1493 1077 1535 umbilicus
1105 1496 1197 1534 erat
1223 1492 1416 1546 Mosella,

72 1552 220 1593 multis
253 1552 521 1606 egregiisque
554 1551 675 1592 libris
709 1554 880 1593 auctum
918 1555 960 1593 et
999 1552 1306 1606 amplificatum
1345 1551 1415 1592 de-

71 1610 371 1665 prehendimus
412 1611 456 1651 in
495 1611 646 1664 altera,
687 1625 815 1664 quam
856 1611 1082 1665 septennio
1115 1613 1215 1665 post
1245 1610 1415 1651 uidetur

74 1669 265 1711 emisisse
292 1669 532 1711 Theodosio
564 1669 826 1723 inscriptam.
875 1672 975 1724 post
1003 1669 1084 1711 hoc
1110 1672 1279 1723 tempus
1308 1683 1415 1723 quae

72 1731 365 1783 accesserunt,
408 1743 555 1770 eorum
599 1743 734 1782 pauca
781 1729 869 1769 suis
915 1729 1022 1771 locis
1067 1729 1158 1784 ipse
1200 1728 1416 1769 inserebat

74 1789 240 1841 auctor,
271 1787 407 1829 maior
447 1802 546 1841 pars
580 1787 769 1840 seposita
802 1787 891 1828 sine
925 1787 1071 1829 ordine
1103 1788 1148 1828 in
1180 1787 1263 1828 fine
1296 1787 1414 1828 uolu-

72 1846 198 1887 minis
253 1846 537 1899 expectabant
585 1860 760 1886 manum
812 1846 1075 1900 disposituri.
1149 1846 1261 1887 inter
1309 1845 1416 1886 haec

71 1905 203 1946 fuisse
241 1905 475 1956 Bissulam,
509 1904 761 1957 Centonem,
799 1905 1006 1959 epistulas
1044 1905 1202 1946 multas
1243 1918 1293 1945 ex
1325 1906 1414 1946 otio

72 1963 371 2018 Burdigalensi
404 1963 456 2005 ad
487 1963 703 2005 Theonem
733 1963 917 2004 Paulum
951 1964 1199 2005 Tetradium
1231 1963 1416 2005 fortasse

73 2023 204 2064 etiam
241 2022 467 2063 Paulinum
506 2022 707 2076 scriptas,
740 2021 918 2077 denique
950 2022 1325 2078 Epigrammatum
1359 2021 1416 2062 al·

73 2084 209 2122 teram
225 2081 557 2135 amplioremque
576 2081 728 2123 seriem
747 2082 951 2135 suspicor.
979 2096 1084 2136 quae
1105 2082 1164 2124 sic
1178 2083 1227 2123 ut
1241 2081 1416 2122 inuenta

76 2143 192 2194 sunt,
222 2139 392 2194 integra
417 2140 682 2194 reliquerunt
706 2140 903 2194 heredes,
936 2141 1009 2194 qui
1036 2141 1121 2181 alia
1147 2154 1314 2194 quoque
1345 2139 1415 2179 ad-

75 2200 263 2240 iecerunt
283 2198 373 2239 siue
391 2213 467 2252 „ex
480 2198 726 2253 liturariis“,
746 2199 864 2240 uelut
878 2199 929 2240 ad
944 2199 1077 2240 filium
1093 2198 1321 2254 epistulam
1335 2196 1416 2238 XX

76 2255 215 2313 (391),
236 2258 326 2298 siue
348 2257 506 2299 dudum
528 2258 725 2299 absoluta
746 2272 852 2312 quae
873 2258 1102 2300 memoriae
1125 2257 1310 2299 auctoris
1333 2270 1413 2296 ser-

75 2316 240 2358 uandae
273 2319 434 2371 essent,
465 2319 512 2357 ut
544 2316 786 2358 Gratiarum
823 2317 1033 2358 actionem
1069 2317 1167 2358 anni
1201 2315 1297 2356 379.
