1563 2511
514 117 561 122 -
627 99 813 132 LXXXXV
820 98 872 129 111
933 108 987 113 ‘-

203 214 302 252 quae
342 205 412 240 aut
444 203 569 241 multo
602 205 709 254 post,
747 205 818 241 aut
848 215 1067 252 numquam
1098 202 1287 242 absoluit:
1334 204 1431 244 Mos.

199 262 283 299 403
307 273 361 310 sq.
411 261 687 300 Professor-um
712 262 1064 312 Burdigalensium
1095 274 1299 300 recensum
1331 262 1434 300 indi-

200 322 302 367 cant,
330 321 413 358 453
437 332 519 370 sqq.
550 322 631 359 399
655 334 736 371 sqq.
759 320 1063 370 descriptionem
1083 320 1242 358 urbium
1263 321 1434 359 sitarum

198 376 248 416 ad
273 378 481 417 Mosellam
513 379 749 429 laudemque
781 379 962 417 uirorum
993 379 1035 416 in
1066 379 1122 417 eis
1156 379 1380 418 celebrium.

197 437 282 475 Iam
314 438 388 476 hoc
419 440 596 487 tempore
625 438 931 476 Valentinianus
964 450 1075 486 spem
1106 438 1334 477 consulatus
1368 450 1429 476 ac-

198 496 369 545 cipiendi
412 497 560 535 fecerat
603 496 780 534 Ausonio
826 499 930 541 (Mos
959 503 1158 535 449—452
1184 500 1431 545 Burdigalam

199 561 281 584 cum
308 561 366 585 me
392 549 431 584 in
456 550 617 594 patriam
643 550 844 594 nidumque
865 551 1036 585 senectae
1057 551 1246 595 Augustus
1267 554 1373 595 pater
1394 553 1432 585 et

196 595 277 631 nati
304 625 311 632 .
340 623 347 630 .
375 626 382 632 .
409 597 571 631 fascibus
603 597 774 632 Ausoniis
813 596 1028 632 decoratum
1067 599 1105 631 et
1140 598 1279 632 honore
1312 597 1432 633 curuli

198 643 349 678 mittent
375 642 554 678 emeritae
579 646 666 688 post
690 655 844 679 munera
869 643 1115 689 disciplinae).

197 696 405 734 Pedestria
435 696 642 734 uolumina
661 696 883 735 Ausonium
910 698 1001 735 ante
1021 696 1231 734 Mosellam
1257 694 1430 736 edidisse

196 767 282 843 1101er
288 757 414 853 Irectq
440 755 654 805 conligitur
680 768 727 794 ex
747 755 975 805 Symmachi
1001 769 1060 804 ep.
1081 755 1100 792 I
1124 757 1175 793 14
1203 757 1291 799 (uid.
1320 770 1430 804 supra

195 820 232 853 p.
322 819 370 843 no
387 831 398 844 ›.
420 834 427 842 .

79 868 314 910 368—375
348 867 530 910 Sextus
557 868 833 911 Petronius
859 869 1075 923 Probus,
1107 868 1301 910 Petronii
1327 868 1427 911 Pro-

196 928 314 968 biani
347 942 499 981 nepos,
532 927 663 981 praef.
696 931 829 982 praet.
862 927 958 969 Ital.
992 927 1110 981 Illyr.
1143 928 1252 981 Asin,
1285 926 1429 969 Sirmii

195 987 446 1040 plerumque
471 986 688 1028 residebat
721 992 919 1035 (Ammian.
941 993 1097 1027 XXVIII
1122 998 1150 1037 1,
1172 998 1226 1028 31.
1254 993 1428 1027 XXVIIII

196 1047 227 1087 6,
249 1048 282 1078 9.
310 1042 411 1077 XXX
438 1047 469 1086 3,
494 1047 525 1077 1.
553 1046 585 1086 5,
609 1047 650 1078 11
679 1043 726 1078 cf.
747 1043 885 1088 XXVII
907 1047 961 1087 11,
985 1047 1002 1078 1
1025 1054 1099 1087 sq.:
1128 1043 1244 1079 Seeck
1265 1043 1325 1078 CII
1347 1046 1427 1087 sq).

77 1104 159 1146 371
197 1103 234 1146 S.
269 1104 546 1146 Petronius
575 1104 767 1146 Probus
801 1105 949 1146 consul
982 1118 1076 1146 cum
1105 1103 1313 1146 Gratiano
1341 1103 1398 1146 II.

76 1163 159 1204 371
194 1162 593 1204 Valentinianus
626 1163 738 1204 filius
771 1163 975 1204 nascitur.

196 1222 258 1263 De
292 1222 632 1263 Alamannica
670 1222 797 1263 huius
837 1222 937 1263 anni
980 1222 1311 1276 expeditione
1353 1228 1428 1264 uid.

194 1278 381 1313 Ammian.
401 1278 573 1312 XXVIIII
595 1282 626 1322 4,
648 1282 667 1312 2
684 1291 762 1323 sqq.

77 1332 159 1369 371
194 1331 272 1381 Ep.
295 1331 370 1368 XII
397 1332 453 1369 ad
479 1331 683 1369 Probum
710 1334 758 1376 (u.
780 1339 824 1369 20
849 1334 1081 1379 praefectum
1107 1334 1264 1368 eundem
1284 1337 1322 1369 et
1343 1345 1426 1369 cou-

196 1385 326 1420 sulem.
378 1389 421 1419 22
455 1385 600 1429 collega
625 1384 785 1429 Augusti
818 1385 990 1419 consulis.
1044 1385 1088 1418 cf.
1119 1388 1161 1419 16
1194 1384 1312 1419 tribus
1340 1385 1424 1419 eris.

196 1435 237 1467 77
266 1434 302 1467 et
329 1435 372 1466 96
394 1434 486 1477 sqq.)

75 1496 108 1523 c.
137 1481 222 1523 372
258 1481 536 1534 Ausonius,
568 1480 731 1534 primus
764 1480 946 1522 Ausonii
977 1494 1108 1534 nepos
1142 1494 1192 1521 ex
1217 1480 1319 1534 filia,
1351 1495 1425 1523 na-

194 1540 326 1582 scitur
358 1546 417 1587 (cf.
444 1547 628 1590 Protrept.
655 1547 693 1580 et
719 1544 916 1588 Genethl.).

194 1600 323 1653 paulo
373 1602 473 1653 post
516 1598 622 1640 obiit
667 1598 863 1653 nepotuli
901 1600 1023 1653 pater
1061 1596 1168 1639 Val.
1207 1597 1424 1640 Latinus

193 1658 488 1712 Euromius‚
539 1659 747 1711 patronus
799 1657 908 1711 fisci,
958 1671 1130 1711 praeses
1182 1656 1425 1699 Dalmatiae

195 1716 292 1758 (Par.
313 1718 368 1758 14,
390 1718 495 1759 9sq.;
523 1726 556 1749 u.
577 1718 617 1749 4:
650 1714 825 1749 lactantis
856 1714 935 1749 nati
967 1714 1030 1748 uix
1054 1713 1148 1749 bene
1174 1715 1263 1749 note
1289 1714 1423 1758 pater).

194 1767 428 1806 Gratiano
472 1779 595 1816 puero
641 1767 789 1816 scripta
827 1767 1015 1805 uidentur
1053 1779 1117 1815 ep.
1147 1768 1198 1804 27
1241 1766 1289 1804 de
1328 1767 1424 1815 fera⁷

194 1828 238 1864 et
278 1828 333 1864 30
373 1826 419 1864 de
458 1826 570 1864 leone
608 1825 829 1864 interfectis
868 1839 891 1864 a
923 1825 1131 1873 Gratiano,
1169 1837 1287 1874 porro
1327 1825 1423 1874 epi-

193 1886 322 1934 taph.
351 1886 404 1924 33
445 1885 577 1934 „iussu
611 1885 785 1934 Augusti
824 1897 924 1934 equo
964 1881 1215 1922 admirabili“
1249 1886 1308 1928 (cf.
1336 1887 1423 1921 Am-

192 1938 303 1975 mian.
332 1938 453 1973 XXXI
475 1942 528 1981 10,
552 1942 609 1972 19:
649 1940 691 1972 ut
722 1937 785 1973 ille
813 1937 1067 1983 (Commodus)
1097 1937 1152 1972 ita
1184 1936 1243 1971 hic
1277 1948 1423 1981 quoque

192 1986 291 2020 intra
316 1988 461 2030 saepta,
488 1996 582 2029 quae
610 1985 802 2030 appellant
827 1985 980 2028 uinaria,
1008 1985 1229 2029 sagittarum
1254 1983 1423 2028 pulsibus

193 2033 330 2068 crebris
350 2033 522 2067 dentatas
543 2033 740 2067 conficiens
760 2032 911 2067 bestias.
939 2032 1102 2077 Epitom.
1116 2035 1173 2073 47,
1189 2035 1225 2066 5:
1246 2031 1299 2065 nil
1320 2031 1422 2066 aliud

193 2080 252 2114 die
289 2082 473 2123 noctuque
506 2090 616 2123 agere
649 2091 760 2123 quam
793 2079 945 2124 spiculis
977 2078 1151 2114 meditari
1184 2088 1422 2122 summaeque

192 2127 398 2171 uoluptatis
431 2126 652 2169 diuinaeque
686 2127 775 2161 artis
808 2127 956 2161 credere
988 2125 1097 2161 ferire
1130 2125 1327 2160 destinata.
1373 2125 1420 2159 cf.

192 2172 293 2208 Grat.
317 2175 398 2208 Act.
421 2178 465 2209 64
485 2185 539 2217 sq.
587 2173 773 2209 Cedrenus
797 2186 831 2218 p.
854 2177 939 2208 259:
968 2170 1029 2208 ἐπὶ
1047 2173 1218 2207 τοιοῦτον
1240 2170 1422 2217 εὐστόχως

195 2218 390 2272 ἐτόξευσεν
430 2219 478 2260 ὡς
515 2219 637 2265 λέγειν
675 2218 779 2260 τινὰς
816 2218 860 2256 τὰ
902 2220 1113 2264 Γρατιανοῦ
1153 2219 1240 2264 βέλη
1278 2218 1422 2263 φρένας

193 2266 316 2312 ἔχειν).

76 2318 162 2359 374
194 2316 476 2359 Gratianus
510 2317 658 2359 consul
692 2316 757 2357 HI
793 2322 990 2365 (Ammian.
1012 2322 1113 2357 XXX
1134 2326 1165 2365 3,
1189 2322 1233 2356 15.
