1563 2511
622 74 914 116 -54-

157 178 380 232 Tuumque
412 178 549 219 mauis
582 192 674 220 esse
707 194 836 234 quam
867 180 948 222 fati
979 181 1159 235 bonum,

216 235 485 279 Desiderasti
515 238 720 292 plurima,

155 293 306 349 Vagus
338 310 415 350 per
447 309 592 338 omnes
625 296 884 352 dignitatum
916 297 1122 340 formulas

215 353 478 409 Meritusque
511 355 635 410 plura
668 370 797 410 quam
829 369 991 410 gerens.
1397 368 1440 399 30

155 411 278 454 Vnde
311 413 500 455 insecuto
533 413 758 455 criminum
790 418 910 456 motu
942 415 1065 470 graui

213 470 411 514 Donatus
444 473 659 514 aerumnis
690 474 846 527 patris,

154 528 256 572 Mox
288 531 386 572 inde
418 531 583 584 rhetor,
614 545 691 573 neo
723 531 900 574 docendi
931 533 1148 587 pertinent,

215 587 372 630 Curam
404 589 596 631 fefellisti
627 592 816 644 patrum,

153 646 296 689 Minus
329 648 542 689 malorum
574 663 749 691 munere
781 652 981 704 expertus
1014 650 1098 703 dei,
1398 661 1441 693 35

212 705 353 748 Medio
387 707 498 761 quod
531 707 626 748 aeui
657 710 804 762 raptus
838 722 901 762 es,

152 763 308 806 Errore
341 765 454 819 quod
484 780 573 807 non
606 766 820 808 deuiantis
852 767 963 808 filiae

211 823 440 878 Poenaque
471 824 612 865 laesus
647 825 856 880 coniugis.

25 973 97 1006 [196]
284 961 344 996 VI.
372 961 583 997 ALETHIO
609 963 852 998 MINERVIO
878 963 1006 999 FILIO
1032 963 1260 1000 RHETORI.

151 1044 186 1087 O
219 1045 297 1087 flos
329 1046 534 1089 iuuenum
710 1057 727 1088 1
861 1047 1092 1102 Tempore,
1124 1062 1208 1103 quo
1240 1050 1283 1090 te
1396 1059 1441 1091 30

151 1102 257 1158 Spes
290 1104 405 1146 laeta
436 1106 573 1159 patris
860 1106 1035 1148 Discere
1068 1106 1262 1148 adultum

150 1161 241 1204 Neo
274 1165 391 1204 certa
422 1167 521 1205 tuae
805 1175 847 1206 10
862 1165 961 1206 Non
993 1168 1118 1219 turpe
1150 1166 1279 1219 foret,

150 1221 264 1263 Data
296 1236 364 1263 res
396 1222 579 1276 patriae,
860 1223 1155 1278 Praetextate,

116 1279 316 1322 5Rhetor
347 1280 513 1323 Alethi:
707 1292 726 1322 5
861 1282 954 1323 Iam
985 1283 1173 1337 genitori

150 1338 214 1379 Tu
245 1339 477 1394 primaeuis
684 1350 728 1382 28
862 1339 1069 1382 conlatus
1103 1356 1195 1382 eras
1395 1353 1439 1383 35

149 1396 314 1439 Doctor
344 1398 390 1438 in
422 1399 564 1452 annis,
861 1398 1049 1454 Postque
1080 1399 1259 1441 Paterae
1395 1411 1438 1442 13

188 1517 231 1548 31
259 1516 358 1548 m⁰tu
392 1513 422 1547 V
518 1517 562 1549 33
588 1515 688 1549 retor
721 1513 754 1548 V
847 1518 891 1549 35
917 1525 1070 1549 munera
1103 1515 1137 1548 V
1158 1526 1248 1550 corr.
1275 1515 1440 1561 Scaliyer

92 1562 127 1600 1,
153 1563 199 1595 10
314 1564 358 1595 37
386 1559 453 1595 filii
486 1560 520 1595 V
541 1571 632 1597 corr.
659 1560 821 1606 Scaliqer
846 1566 881 1605 1,
907 1565 954 1597 10
1069 1564 1113 1596 38
1139 1573 1257 1607 poene
1292 1562 1326 1597 V
1347 1573 1438 1598 corr.

94 1606 257 1652 Scaziyer
282 1611 315 1651 1,
342 1611 399 1643 10.

189 1665 241 1701 VI
290 1668 450 1701 metrum
493 1666 680 1713 adolnium
723 1667 1012 1712 hyppognaicum
1055 1667 1306 1705 exsstremicum
1330 1670 1334 1712 Ι
1362 1671 1440 1713 spo.

90 1715 193 1757 anas).
210 1712 289 1748 dac.
313 1714 318 1757 Ι
341 1713 459 1758 colop.
475 1714 522 1750 al.
537 1725 649 1760 mary.
661 1714 707 1756 V;
722 1717 834 1749 totum
848 1725 992 1749 carmen
1009 1715 1050 1749 in
1066 1714 1161 1750 Vsz'c
1180 1718 1371 1750 exaratum
1390 1719 1442 1750 est

89 1759 115 1802 f.
137 1762 206 1795 1οῐι
232 1760 295 1795 col.
316 1764 336 1794 1
363 1761 470 1803 infer.
497 1764 529 1796 et
553 1762 617 1796 col.
639 1764 664 1797 2
689 1772 806 1806 super.
830 1763 1010 1804 (ozwneros
1030 1762 1162 1798 adiecit
1181 1773 1224 1797 m.
1245 1772 1271 1797 s.
1296 1762 1337 1796 X
1345 1762 1405 1796 VI
1398 1765 1436 1806 ):

88 1842 151 1876 COI-
173 1845 193 1876 1
207 1852 230 1875 α
444 1854 595 1878 ALETHIO
622 1855 789 1878 MINERVIO
816 1855 910 1877 FILIO
938 1856 1084 1878 RETHORI
1298 1845 1362 1880 ΕΟΖ.
1383 1848 1402 1879 1
1417 1845 1437 1880 b

160 1898 188 1934 O
223 1900 289 1935 flos
315 1901 489 1936 iuuenum
800 1903 856 1936 Tu
882 1901 1059 1946 primeuis
1391 1906 1435 1938 28

160 1946 251 1990 Spes
278 1947 355 1982 leta
379 1949 494 1993 patris
799 1948 937 1984 Doctor
964 1949 1001 1983 in
1028 1949 1131 1984 annis

159 1993 215 2028 Ne
243 1996 344 2029 certa
369 1997 434 2030 tua
798 1995 979 2040 Tempore
1005 2006 1077 2040 quo
1103 1998 1140 2031 te
1391 2000 1436 2032 30

158 2041 257 2075 Data
282 2053 339 2076 res
364 2042 507 2087 patriae
799 2043 948 2078 Discere
974 2043 1142 2078 adultum

115 2091 136 2121 5
160 2088 301 2123 Rhetor
327 2089 442 2124 alethi
798 2089 882 2125 Non
907 2092 1015 2134 turpe
1041 2089 1136 2126 foret

159 2135 277 2170 Maior
301 2138 482 2180 utroquae
799 2136 1034 2171 Praetextate

113 2185 132 2215 7
159 2182 214 2217 Tu
239 2182 459 2227 burdigalae
799 2183 877 2218 Iam
903 2183 1064 2229 genitori
1391 2188 1436 2219 34

185 2292 205 2323 3
231 2300 277 2324 ne
311 2289 345 2323 V
368 2299 433 2324 neo
461 2290 634 2335 Luydun.
659 2292 664 2334 Ι
687 2291 772 2325 tuae
799 2289 972 2334 Luydmz.
