1563 2511
623 44 939 86 —204—

102 149 237 198 Quem
271 149 465 203 Rhodos,
496 149 685 191 Actaeae
717 164 841 204 quem
875 149 1087 191 dilexistis
1120 149 1318 192 Athenae

101 208 160 249 Et
192 223 317 263 quem
350 208 400 249 de
433 209 600 250 scaenis
631 209 786 250 tetrica
818 209 872 250 ad
905 209 1108 250 subsellia
1138 209 1272 250 traxit

100 266 235 308 Prosa
266 266 415 321 Asiae,
447 267 492 308 in
523 268 664 308 causis
696 282 898 309 numeros
930 268 1102 308 imitata
1134 267 1374 309 chororum.

103 324 300 379 Orpheos
315 325 414 367 hinc
427 326 633 379 tripodes,
649 327 750 380 quia
765 329 866 368 sunt
878 326 979 367 tria:
993 329 1119 379 terra,
1131 341 1253 380 aqua,
1263 327 1449 368 flamma.

103 383 281 438 Triplex
313 384 524 426 sideribus
556 385 744 439 positus,
776 385 1001 439 distantia,
1030 384 1182 426 forma.
1404 396 1447 427 75

100 441 162 483 Et
194 443 344 484 modus
378 447 420 484 et
452 444 646 498 genetrix
677 444 946 486 modulorum
979 444 1144 485 musica
1174 444 1351 498 triplex:

102 501 238 543 Mixta
269 502 410 556 libris,
442 505 606 544 secreta
639 502 786 556 astris,
817 504 996 558 uulgata
1026 503 1223 544 theatris.

101 559 262 602 Martia
293 560 433 602 Roma
462 562 640 615 triplex:
675 563 884 616 equitatu,
916 562 1058 616 plebe,
1091 564 1255 603 senatu.

102 618 197 660 Hoc
228 634 405 662 numero
438 620 578 661 tribus
610 623 653 661 et
685 635 806 662 sacro
839 621 889 661 de
922 623 1066 662 monte
1098 620 1274 661 tribuni.

104 677 210 719 Tres
244 678 435 732 equitum
467 682 651 732 turmae,
683 679 768 719 tria
799 680 975 721 nomina
1005 679 1279 721 nobiliorum.
1406 689 1450 720 80

100 735 293 778 Nomina
324 740 424 779 sunt
455 737 626 778 chordis
658 737 760 791 tria,
793 740 893 778 sunt
923 738 1008 779 tria
1038 739 1214 779 nomina
1246 738 1396 779 mensi.

103 794 320 850 Geryones
353 796 565 850 triplices,
597 796 756 849 triplex
788 809 983 850 conpago
1015 795 1278 838 Chimaerae.

104 852 248 908 Scylla
279 855 456 908 triplex,
489 854 720 896 commissa
750 855 907 896 tribus:
941 869 1063 909 cane,
1095 856 1279 910 uirgine,
1310 855 1439 909 pisce.

103 911 326 968 Gorgones
358 913 717 968 Harpalycaeque
751 916 793 955 et
824 913 1008 968 Erinyes
1042 915 1212 969 agmine
1243 917 1366 955 terno

101 971 161 1012 Et
192 972 272 1013 tris
305 972 526 1026 fatidicae,
558 987 715 1014 nomen
747 987 991 1027 commune,
1024 971 1233 1027 Sibyllae,
1407 983 1450 1014 85

104 1029 294 1079 Quarum
326 1032 557 1086 tergemini
588 1031 741 1073 fatalia
774 1032 964 1073 carmina
995 1032 1114 1085 libri,

103 1087 220 1137 Quos
251 1092 318 1130 ter
349 1091 579 1144 quinorum
612 1093 758 1132 seruat
789 1091 958 1133 cultura
988 1091 1192 1133 uirorum.

198 1267 244 1298 85
270 1274 406 1298 nomen
432 1276 642 1300 commune:
670 1264 789 1300 Varro
815 1276 873 1310 ap.
901 1265 1069 1300 Lactant.
1096 1265 1183 1300 Inst.
1211 1265 1226 1298 I
1254 1270 1285 1309 6,
1314 1269 1332 1301 7

199 1315 243 1346 86
265 1323 317 1355 sq.
345 1311 438 1348 Gell.
466 1312 482 1346 I
509 1317 562 1347 19.

200 1480 242 1510 71
271 1478 378 1511 actea
404 1476 438 1510 V
461 1478 585 1512 actore
606 1479 624 1510 λ
700 1480 742 1511 72
763 1481 847 1521 post
875 1481 917 1511 73
944 1479 962 1511 λ
1037 1481 1079 1511 7-2
1107 1487 1217 1521 quam
1242 1476 1319 1510 VP
1342 1486 1452 1520 quem

104 1523 163 1567 Z}
187 1523 231 1557 de
258 1523 377 1558 scenis
399 1524 433 1557 Z
458 1523 601 1567 (scaenis
630 1523 663 1558 G
690 1524 833 1559 scoenis
858 1527 903 1568 λ),
931 1524 1143 1559 discernens
1170 1524 1246 1558 VP
1269 1525 1306 1567 (n
1331 1534 1376 1558 ss.
1403 1524 1450 1559 al.

110 1570 159 1611 V)
196 1572 200 1612 1
242 1570 401 1604 subellia
436 1571 479 1603 V1
579 1576 621 1605 73
648 1582 779 1616 prorsa
806 1572 842 1605 P
880 1572 883 1616 1
925 1571 1016 1606 asiei
1044 1572 1083 1606 in
1114 1571 1149 1605 V
1183 1571 1260 1605 asia
1286 1570 1346 1605 ein
1371 1571 1408 1605 P
1445 1571 1450 1616 Ι

97 1615 249 1650 imitata
277 1618 337 1661 ΡΙ
361 1629 527 1652 cororum
548 1618 607 1652 Pi
707 1623 749 1653 74
775 1619 931 1662 orpheus
960 1619 993 1652 V
1016 1619 1175 1663 orpheus
1201 1619 1235 1651 Z
1258 1619 1364 1661 (corr.
1390 1617 1452 1652 Vi-

101 1664 220 1707 netas>
244 1664 248 1710 Ι
271 1664 372 1710 hinc]
396 1663 411 1698 i
439 1665 471 1699 G
494 1668 497 1707 Ι
522 1664 653 1700 sintria
672 1666 721 1700 PS
744 1669 747 1709 Ι
770 1665 940 1700 fiammae
962 1667 996 1700 Z
1068 1669 1110 1699 75
1133 1664 1325 1708 syderibus
1341 1665 1415 1700 PG
1444 1664 1448 1710 Ι

102 1711 227 1745 (listafi
254 1711 290 1745 P
384 1717 426 1746 76
453 1713 638 1758 genetrix]
668 1713 702 1746 V
790 1716 833 1747 77
861 1713 975 1747 astrix
1004 1714 1063 1756 ΡΙ
1091 1713 1254 1747 theatrix
1281 1712 1317 1746 P
1408 1715 1451 1746 79

102 1758 190 1802 hoc]
219 1759 309 1793 haec
334 1761 352 1792 λ
376 1761 380 1803 Ι
402 1760 556 1794 tribium
580 1761 615 1793 P
687 1764 731 1794 80
757 1761 924 1794 turmeae
945 1760 991 1794 V¹
1017 1760 1165 1807 turmess
1183 1759 1231 1793 Vs»
1304 1762 1347 1793 81
1376 1769 1452 1793 cor-

103 1804 156 1838 diS
178 1805 212 1839 V
235 1805 356 1839 cordis
378 1807 412 1840 Z
432 1808 436 1849 Ι
460 1807 612 1852 mensis]
641 1808 707 1841 litt.
735 1807 766 1841 is
792 1811 1020 1842 euamcerunt
1050 1808 1082 1841 V
1152 1818 1187 1842 u.
1209 1810 1252 1841 82
1279 1806 1454 1848 inferiore

101 1852 143 1885 in
169 1863 282 1898 mary.
304 1864 364 1896 pr.
392 1854 475 1888 add.
504 1855 621 1899 (siyno
648 1853 672 1887 d
698 1855 836 1889 adiecto
856 1858 940 1899 post
964 1867 1000 1889 u.
1028 1856 1090 1897 81)
1125 1854 1159 1887 V
1241 1856 1284 1887 82
1313 1852 1452 1895 Geryo-

101 1898 183 1943 nes]
211 1899 244 1933 G
262 1899 307 1932 V2
332 1900 502 1944 geriones
534 1901 691 1935 V1PT2
718 1901 908 1944 Geryonae
931 1902 1107 1936 Heinsius
1129 1902 1134 1944 Ι
1166 1900 1350 1946 conpago]
1389 1900 1418 1933 V
1444 1900 1449 1945 Ι

103 1956 248 1989 cymere
277 1946 313 1979 Ρ
408 1951 451 1981 83
480 1947 597 1992 scylla
622 1949 663 1982 in
687 1959 760 1983 ras.
790 1949 822 1981 V
847 1949 941 1993 sylla
963 1950 999 1983 P
1019 1952 1023 1990 1
1054 1948 1202 1993 triplfex
1229 1950 1287 1991 (ex
1311 1948 1354 1981 in
1379 1957 1451 1981 ras.

103 1993 171 2027 litt.
199 1992 274 2027 ices
300 1996 340 2027 ut
363 1994 455 2038 uid.)
490 1995 523 2028 V
617 1999 661 2029 84
687 2000 868 2039 gorgoneS
901 1996 934 2029 V
965 1998 969 2040 Ι
1010 1995 1348 2040 harphalicaequae
1379 1995 1452 2028 ter-

103 2039 160 2074 nis
189 2040 222 2073 V
245 2042 282 2085 (u
308 2041 349 2074 in
373 2052 460 2082 ras,
486 2043 502 2075 t
526 2052 570 2076 eo:
596 2054 620 2086 g
643 2053 701 2085 pr.
730 2042 790 2086 V),
819 2043 1024 2087 arpaliceq3
1051 2045 1088 2077 et
1113 2041 1224 2076 erinis
1248 2041 1284 2074 P
1307 2039 1451 2085 arpiae-

104 2097 175 2130 que
201 2088 238 2121 et
263 2087 382 2122 erines
410 2088 466 2122 Ti
492 2088 722 2133 harpyieque
748 2091 786 2123 et
812 2090 969 2133 erinyies
997 2091 1029 2124 G
1059 2092 1062 2125 l
1093 2088 1230 2123 aomina
1257 2090 1309 2129 (ac
1334 2099 1378 2122 eac
1405 2092 1452 2122 a?

104 2135 166 2178 al.)
200 2134 234 2168 V
260 2134 265 2180 1
299 2136 404 2169 terno
431 2146 495 2170 om.
523 2136 559 2169 P
653 2140 696 2170 85
723 2136 790 2170 tris
816 2136 992 2171 fatidicae
1026 2137 1101 2171 VP
1130 2134 1358 2170 trifa‘tidicae
1383 2136 1452 2178 (ter

103 2191 148 2216 ss.
170 2192 230 2225 pr.
261 2181 307 2226 T)
335 2183 394 2225 ΖΙ
427 2193 582 2218 comune
607 2183 707 2227 PT}
737 2183 882 2218 sibillae
917 2184 993 2218 VP
1016 2183 1171 2229 sybillae
1198 2185 1217 2216 λ
1314 2186 1358 2217 86
1385 2181 1453 2216 cri—

105 2276 206 2310 mina
235 2275 269 2310 T
363 2280 406 2311 87
435 2250 543 2320 Quoi}
571 2276 604 2311 T
629 2278 635 2322 1
666 2277 919 2320 tarquinorum
947 2277 983 2311 P
