1563 2511
630 77 945 117 —275—

113 180 155 221 Is
188 194 300 220 nunc
333 179 385 220 ad
416 194 550 233 usque
581 182 728 220 uectus
760 179 1085 236 Hebromagum
1118 186 1236 222 tuam
1415 193 1459 224 35

176 237 327 280 Sedem
358 237 520 279 locauit
553 237 782 291 mercibus,

114 296 176 338 Vt
207 297 305 337 inde
336 310 471 338 nauso
505 295 690 337 deuehat
721 296 940 350 <cibaria>

172 354 357 397 Nostros
390 354 435 395 in
466 369 586 408 usus,
618 357 666 396 ut
698 354 839 396 refert.

112 413 240 455 Hunc
273 427 374 469 ergo
407 413 555 467 paucis
587 427 641 454 ne
674 413 866 468 graneris
903 413 1118 467 hospitem

172 503 964 514 ............
1414 484 1458 516 40

114 531 303 572 Adactus
336 534 384 571 ut
416 544 515 571 mox
546 530 668 571 nauis
703 530 863 572 auxilio
895 533 994 572 tuae

172 589 241 630 Ad
272 603 405 643 usque
436 590 587 643 portus
621 589 765 642 oppidi

112 648 206 688 Iam
238 648 325 689 iam
357 647 583 698 Perusina,
614 647 701 688 iam
735 646 973 702 Saguntina
1003 647 1118 689 fame

171 706 460 748 Lucaniacum
491 706 658 747 liberet.

111 764 206 806 Hoc
239 766 274 806 si
306 765 584 818 impetratum
617 779 770 806 munus
805 765 880 806 abs
913 769 955 806 te
989 779 1208 819 accepero,
1416 776 1460 806 45

172 823 296 865 Prior
327 824 466 865 colere
498 838 627 877 quam
660 821 803 864 Ceres:

111 881 411 936 Triptolemon
443 882 565 935 olim,
598 882 688 923 siue
726 882 1019 936 Epimenidem
1052 886 1228 935 uocant,

171 942 261 981 Aut
292 941 527 982 uiliconum
560 940 795 995 Buzygem,

111 998 202 1041 Tuo
236 1000 388 1041 locabo
421 999 719 1053 postferendos
751 999 933 1052 numini,

169 1057 284 1099 Nam
316 1073 471 1099 munus
504 1058 585 1099 hoc
616 1058 692 1099 fiet
723 1060 855 1099 tuum.
1415 1069 1459 1099 50

206 1213 250 1243 43
277 1209 410 1243 Lucan.
438 1208 453 1241 I
479 1211 522 1243 41
556 1208 738 1243 Perusina
763 1208 891 1242 fames.

206 1259 250 1290 46
278 1255 323 1290 cf.
351 1255 499 1290 Seruius
526 1256 574 1289 ad.
600 1254 737 1300 Vergil.
766 1255 797 1290 Gr
823 1256 838 1289 I
866 1258 908 1289 19

206 1307 250 1337 47
277 1302 371 1339 Plin.
397 1314 431 1337 n.
459 1302 495 1336 h.
521 1302 589 1336 VH
618 1306 682 1337 199
715 1302 850 1337 bouem
882 1304 920 1336 et
951 1302 1117 1337 aratrum
1150 1301 1316 1346 Buzyges
1344 1301 1459 1336 Athe-

111 1349 248 1384 niensis
276 1349 459 1394 (inuenit)‚
486 1351 528 1384 ut
553 1349 629 1392 alii,
656 1349 918 1394 Triptolemus,
970 1349 1088 1384 Varro
1122 1349 1168 1383 de
1199 1360 1238 1383 rc
1264 1349 1352 1383 rust.
1379 1348 1413 1382 Π
1440 1352 1460 1382 5

111 1398 158 1431 ab
183 1397 254 1431 hoc
279 1407 412 1442 pecore
438 1396 595 1431 Athenis
620 1396 787 1442 Buzuges
813 1395 1046 1432 nobilitatus.

206 1541 250 1571 35
288 1537 584 1582 hebromagnum
624 1536 657 1573 G
762 1540 806 1572 37
846 1535 989 1572 cibaria
1024 1537 1108 1572 add.
1141 1536 1272 1581 Peiper
1309 1546 1375 1570 om.
1410 1535 1445 1569 Z
1449 1548 1462 1577 ,-

109 1585 295 1619 senariwn
325 1585 468 1619 indicat
494 1584 670 1619 librarius
696 1583 744 1626 T,
776 1595 811 1618 u.
840 1588 884 1619 38
916 1584 1212 1629 quaternarium,
1250 1594 1274 1617 a
1298 1583 1462 1628 margine

110 1641 286 1667 reuocans
320 1632 502 1667 breuiores
532 1631 748 1673 uersiculos,
787 1632 965 1677 Zonyiores
1001 1632 1051 1666 ad
1089 1631 1231 1665 laeuam
1257 1630 1460 1673 proferens.

110 1680 153 1713 ut
183 1678 206 1713 i.
233 1689 350 1713 nauso
383 1678 462 1713 siue
492 1679 582 1713 naui
614 1678 759 1713 deferat
783 1678 946 1723 Scaliyer
971 1681 1011 1721 2,
1031 1681 1054 1713 9
1084 1678 1213 1722 (nauso
1239 1676 1361 1711 aliaue
1388 1686 1462 1720 qua.

109 1725 197 1760 naui
222 1736 338 1770 supra
361 1726 403 1760 in
421 1726 559 1770 praef.)
593 1725 800 1760 deuehatur
829 1724 997 1760 triticum
1023 1724 1174 1761 Schenkl
1264 1726 1310 1757 40
1335 1734 1462 1758 uersus

109 1783 252 1808 uacuus
276 1773 318 1807 in
339 1772 381 1815 T,
406 1773 511 1808 nulla
537 1774 672 1807 lacuna
693 1773 743 1807 M
750 1772 785 1808 G
855 1776 900 1806 41
929 1772 1085 1806 adactus
1106 1771 1237 1815 Peiper
1262 1770 1411 1805 adiutus
1432 1770 1466 1804 Z

109 1820 288 1854 aduectus
303 1820 490 1855 Baehrens
556 1823 601 1854 42
623 1819 725 1864 opidi
741 1819 774 1853 T
837 1823 882 1854 43
904 1819 1082 1854 Perusina
1095 1818 1186 1864 iam]
1208 1828 1274 1862 per
1289 1815 1415 1852 esanizi
1431 1817 1464 1851 T

109 1877 280 1911 peresam
300 1867 374 1901 iam
396 1866 430 1901 G
462 1877 571 1911 pares
598 1867 714 1901 samia,
734 1866 785 1901 M
804 1866 985 1902 Perusina
1004 1865 1196 1901 Auantius
1224 1867 1228 1908 Ι
1263 1864 1461 1909 saguntina

112 1913 146 1947 Τ
153 1915 202 1948 Μ
222 1917 226 1957 1
255 1913 353 1949 fame
384 1914 433 1948 M
508 1917 553 1948 48
579 1913 798 1950 uilliconum
820 1914 953 1959 Peiper
979 1913 1037 1958 (cf.
1060 1913 1200 1957 Appul.
1222 1912 1265 1947 de
1283 1922 1375 1956 may.
1397 1913 1460 1955 87)

111 1960 313 1996 tullianum
340 1960 541 2005 (tulianum
563 1960 611 2005 G)
624 1961 659 1995 Z
751 1965 797 1996 47
821 1961 1040 2006 triptolemo
1061 1958 1178 1994 nolim
1200 1958 1233 1993 Τ
1249 1959 1257 2003 1
1289 1959 1367 1993 siue
1387 1969 1462 1992 me-

114 2008 200 2042 dem
232 2008 382 2051 (meden
408 2008 471 2052 M)
502 2019 613 2052 quem
643 2010 783 2043 uocant
812 2008 848 2042 Z
878 2019 969 2044 corr.
996 2006 1159 2042 ASchott
1191 2007 1196 2050 Ι
1236 2006 1399 2041 buzirem
1433 2005 1465 2038 T

110 2054 269 2089 Buzizen
303 2056 352 2089 M
360 2055 393 2090 G
423 2065 514 2091 corr.
541 2056 731 2091 Auantius
757 2059 853 2091 1517
949 2057 994 2089 49
1033 2056 1120 2099 post
1155 2053 1346 2089 ferrendos
1381 2052 1415 2087 G
1455 2052 1458 2095 l

110 2101 252 2136 nomini
275 2101 310 2136 Z
332 2112 423 2138 corr.
446 2102 632 2139 Baehrens

1178 2356 1250 2392 18*
