1563 2511
637 67 956 109 —371—

0 185 101 216 ,ΧΧΧ
122 177 251 228 esset,
297 172 368 214 sed
413 173 551 227 qualis
590 187 682 214 esse
721 172 904 214 deberet.
968 173 1004 214 si
1042 188 1152 215 nunc
1191 173 1234 214 in
1272 178 1467 226 tempora

0 275 92 359 ξω

0 998 94 1023 {xm

45 1038 85 1067 71

46 1715 88 1745 72

118 233 203 274 ista
234 232 503 287 procederes,
535 232 579 272 in
611 233 761 273 nostro
791 230 997 273 Gratiano
1033 246 1245 285 cerneres,
1277 231 1390 286 quod
1422 232 1466 272 in

121 291 233 346 Cyro
262 294 336 332 tuo
364 305 451 332 non
476 290 664 344 uideras,
698 289 770 331 sed
798 290 994 343 optabas,
1044 293 1171 344 atque
1198 292 1283 331 ista
1310 290 1466 343 omnia,

117 364 223 405 quae
250 350 420 404 punctis
442 349 698 404 quibusdam
725 348 969 390 acuminata
996 349 1176 404 signam,
1203 350 1238 390 si
1263 349 1462 390 facundia
1480 360 1530 385 455

113 424 191 464 pro
236 409 460 450 uoluntate
499 409 761 462 suppeteret,
806 422 1065 462 quamquam
1109 422 1196 449 non
1238 408 1465 461 copiosius,

115 482 362 522 exequerer,
400 467 643 508 ubertatem
677 466 775 507 stilo
809 480 949 507 rerum
982 466 1280 520 magnitudine
1315 480 1465 521 sugge-

113 530 243 568 rente.
307 526 379 568 sed
423 540 501 567 nec
544 525 672 566 huius
717 525 799 566 diei
840 539 917 566 nec
960 525 1085 566 huius
1125 525 1210 565 ista
1247 526 1465 567 materiae.

115 585 187 641 qui
219 586 373 626 dicturi
406 586 510 626 estis
542 584 689 625 laudes
722 584 929 638 principis
961 583 1119 636 nostri,
1151 583 1320 624 habetis
1347 584 1465 625 uelut

115 645 410 698 seminarium,
451 644 561 685 unde
602 643 845 685 orationum
884 645 1123 684 uestrarum
1163 643 1311 697 iugera
1349 657 1462 684 com·
1479 654 1512 679 46

113 704 282 758 pleatis.
346 717 425 758 ego
464 704 549 744 ista
588 701 821 756 perstrinxi
861 704 1006 756 atque,
1044 704 1092 743 ut
1125 701 1266 742 sciunt
1304 715 1465 755 omnes,

113 777 289 817 possum
332 761 470 803 uideri
514 761 739 802 familiaris
790 761 972 802 notitiae
1019 762 1206 802 secretus
1251 760 1463 814 interpres

115 821 348 863 domestica
392 821 526 862 istaec
568 834 655 861 non
692 822 781 860 tam
820 819 1065 872 praedicare
1106 833 1233 872 quam
1273 819 1463 873 prodere.

116 884 241 934 atque
274 882 322 920 ut
352 880 438 920 ista
470 879 555 920 dixi
589 878 639 920 de
673 878 857 933 cognitis
886 878 991 918 mihi
1018 881 1145 932 atque
1178 878 1293 918 intra
1322 878 1464 918 aulam

115 939 420 992 familiaribus,
453 952 624 992 possem
653 939 694 977 et
720 937 825 978 foris
852 937 1067 978 celebrata
1094 951 1351 990 memorare7
1380 936 1464 977 nisi
1483 949 1535 972 4¹35

114 998 258 1039 omnia
290 1011 437 1038 omnes
480 999 521 1038 et
554 997 785 1049 separatim
813 995 893 1036 sibi
921 996 1097 1050 quisque
1123 996 1326 1036 nouisset.
1370 1009 1465 1049 pos—

119 1071 209 1097 sem
241 1057 334 1110 pari
366 1055 580 1097 breuitate
614 1054 762 1108 (licere,
796 1069 878 1108 qua
909 1054 1147 1108 superiora:
1181 1064 1465 1095 EMENDATls-

117 1127 212 1157 siin
239 1127 336 1156 vim
362 1126 447 1156 EST
474 1125 682 1155 PIGENDA
714 1125 809 1155 NON
840 1124 1039 1154 FACERE:
1074 1116 1119 1154 at
1150 1116 1198 1154 tu
1230 1127 1464 1167 numquam

114 1174 372 1228 paenitenda
398 1173 541 1214 fecisti
569 1175 611 1213 et
637 1187 805 1227 semper
835 1172 1006 1213 ueniam
1038 1171 1357 1226 paenitentibus
1392 1172 1464 1212 ob-

114 1233 265 1274 tulisti.
328 1243 581 1274 PVLCHRVM
622 1243 705 1273 EST
745 1242 1016 1272 INDVLGERE
1056 1242 1353 1272 T1MEN'r113vs:
1393 1229 1463 1271 sed
1483 1241 1536 1266 470

115 1295 161 1333 tu
194 1294 426 1346 perpetuae
466 1291 673 1332 bonitatis
708 1290 858 1331 edictis
892 1290 1115 1331 occurristi
1155 1289 1372 1342 omnibus7
1413 1304 1465 1330 ne

114 1352 327 1392 timerent.
390 1360 684 1391 MAGNIFICVM
725 1360 916 1390 LARGIRI
960 1359 1195 1391 HONOREs:
1241 1350 1288 1389 tu
1333 1347 1466 1389 hono-

114 1412 230 1451 ratos
265 1412 307 1450 et
338 1409 600 1450 liberalitate
633 1408 796 1449 ditasti.
852 1419 1121 1449 LAVDAmLE
1155 1418 1238 1449 EsT
1273 1417 1463 1447 IMPERA-

115 1480 270 1511 TOREM
303 1479 493 1510 FAGILES
527 1478 994 1508 INTERPELLANTIBVS
1026 1477 1269 1507 PRAEBERE
1295 1475 1463 1506 ADITVS

114 1539 206 1568 NEC
250 1539 312 1568 DE
359 1537 680 1569 oochATmNE
725 1537 936 1567 CAVSARI:
982 1527 1029 1566 tu
1075 1525 1303 1566 confirmas
1348 1524 1463 1565 adire
1484 1536 1534 1560 475

115 1588 386 1638 cunctantes3
439 1588 481 1626 et
524 1585 612 1626 iam
658 1584 933 1638 querimoniis
980 1584 1222 1637 explicatis,
1266 1597 1318 1624 ne
1364 1583 1464 1636 quid

116 1645 253 1686 adhuc
286 1645 480 1697 sileatur,
512 1644 768 1697 interrogas.

204 1703 319 1744 XVI.
355 1702 531 1744 Celebre
558 1703 640 1743 fuit
661 1701 748 1742 Titi
769 1700 968 1742 Caesaris
997 1701 1170 1755 dictum,
1190 1711 1464 1742 PERDIDISSE

212 1800 277 1831 478
306 1796 452 1831 Sueton.
483 1794 554 1829 Tit.
583 1805 611 1828 c.
639 1797 658 1827 8

210 1882 278 1913 453
304 1880 341 1912 in
368 1877 480 1922 Cyro]
507 1877 544 1911 in
571 1887 636 1911 om.
665 1876 699 1911 G
780 1879 849 1910 454
877 1876 951 1910 ciro
982 1876 1015 1910 T
1095 1878 1164 1909 455
1192 1875 1303 1920 quae]
1332 1885 1404 1918 qua
1431 1874 1463 1909 G

114 1926 219 1970 quasi
238 1926 404 1970 quletus
431 1935 524 1968 quae
543 1924 648 1967 quasi
668 1923 745 1958 Toll
811 1926 880 1958 456
897 1933 1109 1967 quanquam
1125 1922 1158 1957 G
1184 1924 1222 1956 et
1237 1932 1462 1966 quamquam

114 1974 311 2009 Acidah'us
333 1976 337 2015 Ι
361 1971 545 2016 copiosius
576 1971 608 2004 T
631 1970 801 2015 copiosus
828 1970 917 2005 MG
990 1973 1058 2004 458
1085 1980 1204 2014 neque
1230 1968 1341 2003 huius
1370 1969 1418 2002 M

114 2024 182 2055 459
216 2019 366 2054 dicituri
394 2019 442 2053 M
471 2021 475 2061 l
509 2017 668 2062 principi
695 2017 727 2052 G
824 2021 892 2052 465
920 2017 1136 2052 celebritate
1168 2017 1201 2051 T
1294 2020 1361 2050 467
1390 2026 1463 2058 qua

115 2069 197 2103 add.
226 2068 438 2108 Acidalms,
471 2076 536 2100 om.
566 2065 599 2099 Z
694 2068 762 2099 468
795 2064 958 2110 pigenda
985 2065 1018 2098 Z
1050 2063 1251 2109 (pingenda
1277 2063 1338 2107 M)
1375 2073 1462 2106 poe-

114 2115 266 2149 nitenda
277 2114 398 2149 Paris.
422 2114 426 2156 Ι
448 2123 636 2155 nunquam
652 2111 685 2146 G
752 2115 820 2146 469
840 2112 1067 2157 poenitenda
1086 2114 1118 2146 et
1136 2109 1414 2156 poenitentibus
1433 2109 1465 2142 T

161 2166 227 2196 471
257 2160 430 2196 occuristi
455 2160 487 2194 G
560 2162 628 2194 472
655 2159 866 2204 magificum
890 2160 923 2194 G
952 2159 1190 2203 magnificum
1217 2157 1272 2192 est
1293 2156 1460 2206 Souchay

114 2211 171 2243 est
196 2220 261 2243 om.
290 2209 323 2242 Z
407 2211 475 2241 474
503 2206 651 2241 additus
679 2206 711 2241 G
794 2210 861 2241 476
890 2208 926 2241 et
951 2206 1026 2241 iam
1055 2206 1087 2240 T
1159 2209 1226 2239 477
1255 2204 1388 2238 silea-tu
1415 2203 1462 2236 M

115 2256 289 2291 scileatur
314 2255 363 2290 M
392 2257 397 2298 1
430 2254 617 2298 interogas
644 2253 678 2287 Z

208 2302 294 2337 XVI
325 2306 393 2337 478
421 2302 596 2336 Caesares
626 2301 659 2336 G

1177 2357 1247 2392 24*
