1563 2511
652 76 708 81 —.
769 52 974 93 414⁶-

143 157 305 212 Teque,
339 157 494 212 quibus
525 158 723 211 princeps
757 160 799 199 et
829 157 1135 200 facundissima
1167 158 1315 212 calles,
1447 169 1489 200 10

142 216 400 271 Adgredior:
433 216 630 270 precibus
663 217 869 258 descende
902 217 1068 259 clientis
1103 219 1145 258 et
1178 218 1286 259 audi.

201 298 282 339 Dic
313 298 436 349 mihi,
470 297 680 353 Calliope,
718 299 818 353 quid
850 299 936 340 iam
968 301 1091 353 pater
1122 300 1193 340 ille
1226 299 1400 342 deorum

143 355 346 412 Cogitat?
381 372 434 398 an
465 361 603 399 terras
637 361 679 398 et
709 358 851 412 patria
883 359 1053 400 saecula
1083 361 1224 400 mutat

144 415 345 470 Quasque
379 416 496 457 dedit
528 417 742 471 quondam
774 418 1062 459 marcentibus
1096 417 1224 471 eripit
1257 416 1402 458 artes?

142 473 320 529 Nosque
351 475 469 516 iubet
499 476 656 516 tacitos
691 478 733 516 et
764 476 850 517 iam
881 476 1062 517 rationis
1095 479 1289 531 egenteS‚
1447 485 1489 516 15

140 532 241 576 Non
273 533 419 588 aliter,
450 534 589 588 primo
622 549 749 588 quam
781 549 877 575 eum
910 536 1171 576 surreximus
1205 550 1328 588 aruo,

143 592 383 633 Glandibus
417 596 459 633 et
489 607 621 646 purae
653 607 801 634 rursus
833 594 1112 647 procumbere
1145 594 1375 648 lymphae?

142 651 212 692 An
245 652 433 705 reliquas
465 654 602 692 terras
636 655 865 692 conseruat
900 652 1061 694 amicus
1095 655 1138 693 et
1170 653 1313 705 urbes,

144 708 227 751 Sed
260 724 394 764 genus
427 710 669 751 Ausonium
701 710 934 764 Rutulique
968 711 1155 764 extirpat
1187 712 1412 753 alumnos?

143 768 284 817 Quid?
317 771 564 822 reputemus
587 769 719 810 enim:
747 769 829 810 duo
851 773 963 823 sunt,
990 770 1144 824 quibus
1166 770 1319 811 extulit
1338 771 1489 826 ingens

146 827 281 868 Roma
314 829 460 881 caput,
493 827 634 873 uirtus
665 828 765 868 belli
799 830 841 868 et
874 828 1087 882 sapientia
1118 829 1247 883 pacis.
1447 841 1487 870 21

143 886 225 927 Sed
257 886 413 939 uirtus,
447 886 612 941 agitata
644 886 833 929 (10111160
865 888 1095 928 socialibus
1129 888 1279 941 armis,

143 944 195 986 In
226 945 337 986 freta
370 943 564 986 Sicaniae
597 947 639 985 et
672 943 950 1000 Carthaginis
983 947 1127 987 exulat
1160 961 1277 987 arces

143 1002 378 1058 Ceteraque
409 1003 592 1057 imperia
624 1006 666 1044 et
698 1007 838 1046 totum
871 1005 998 1046 simul
1031 1006 1211 1047 abstulit
1242 1006 1401 1047 orbem.

142 1061 326 1116 Deinde,
357 1063 478 1103 uelut
511 1062 650 1104 stadio
684 1063 823 1104 uictor
855 1064 928 1117 qui
961 1064 1077 1105 solus
1110 1064 1282 1106 Achaeo
1445 1076 1488 1106 ‘25

142 1120 342 1176 Languet
374 1124 416 1163 et
447 1122 627 1162 immota
659 1122 818 1163 sensim
849 1123 1011 1164 uirtute
1043 1123 1225 1176 fatiscit,

143 1178 211 1221 Sic
243 1180 392 1221 itidem
424 1179 621 1222 Romana·
653 1195 823 1234 manus,
856 1182 1110 1223 contendere
1143 1186 1371 1237 postquam

143 1238 326 1281 Destitit
357 1241 400 1280 et
430 1254 581 1293 pacem
613 1240 754 1293 longis
788 1240 976 1281 frenauit
1010 1241 1208 1282 habenis:

142 1297 242 1351 Ipsa
276 1298 391 1340 domi
422 1298 539 1352 leges
573 1301 614 1339 et
647 1297 779 1340 Graia
814 1299 988 1340 inuenta
1019 1303 1277 1350 retractans,

143 1356 299 1398 Omnia
332 1357 546 1398 bellorum
577 1360 693 1398 terra
725 1359 920 1411 quaesita
953 1359 1145 1413 marique
1445 1370 1488 1400 30

141 1415 339 1457 Praemia
371 1416 549 1457 consilio
583 1419 625 1458 et
656 1416 778 1458 molli
810 1417 976 1458 ratione
1008 1418 1205 1472 regebat3

143 1473 296 1516 Stabat
322 1475 367 1516 in
391 1474 459 1516 his
493 1473 647 1530 (neque
675 1475 787 1516 enim
814 1478 985 1529 poterat
1012 1478 1208 1517 constare
1236 1477 1327 1517 sine
1354 1474 1488 1532 istis):

142 1532 262 1574 Haut
293 1534 456 1575 frustra
489 1534 653 1575 auctori
686 1534 951 1588 mendaxque
985 1535 1203 1588 Diespiter
1237 1536 1359 1589 olim,

142 1591 390 1646 ‘Imperium
424 1593 515 1634 sine
547 1593 631 1634 fine
664 1592 774 1633 dedi'
808 1593 966 1634 dixisse
999 1595 1217 1647 probatur.

237 1689 281 1719 34
308 1685 446 1729 Vergil.
472 1684 514 1720 A.
541 1684 557 1718 1
584 1689 651 1720 279

239 1771 281 1801 10
309 1768 361 1813 et]
390 1779 410 1802 o
440 1767 572 1802 OJaJm
648 1771 688 1801 11
716 1768 913 1811 aggredior
937 1782 963 1801 ω
1043 1771 1082 1801 12
1110 1768 1184 1802 iam
1208 1768 1338 1812 Peiper
1363 1779 1436 1803 non
1456 1769 1492 1803 P

141 1826 227 1849 nam
258 1814 292 1848 V
324 1826 421 1848 nunc
448 1815 637 1849 Baehrens
735 1818 776 1848 13
805 1815 857 1860 et]
885 1815 922 1848 in
951 1815 1126 1849 Heinsius
1164 1815 1209 1849 ad
1237 1815 1424 1850 Baehrens

143 1866 186 1895 14
212 1862 462 1896 marcentibus
492 1862 627 1904 Teuffel
646 1862 777 1905 Peiqoer
803 1862 1046 1897 morientibus
1073 1876 1099 1895 ω
1188 1866 1229 1896 15
1257 1862 1391 1897 tacitas
1419 1863 1455 1896 P
1482 1863 1485 1907 Ι

141 1908 254 1943 etiam
281 1922 307 1941 co
350 1910 354 1952 l
396 1919 531 1952 egenos
565 1908 599 1943 V
687 1912 769 1952 post
796 1920 830 1942 u.
860 1913 901 1943 15
927 1913 1100 1944 secmztur
1125 1913 1263 1944 20—22
1291 1922 1336 1952 ω,
1369 1913 1487 1944 trans-

138 1956 261 2000 posuit
294 1956 444 1990 Vinctus
544 1959 586 1990 16
613 1956 719 2000 aruo]
748 1966 839 1990 aeuo
868 1958 1056 1991 Auavztius
1150 1960 1190 1990 17
1218 1967 1431 2000 procurrere
1459 1970 1486 1990 ω

140 2013 230 2037 corr.
259 2002 429 2038 Pithoeus
528 2006 569 2037 18
597 2003 734 2037 amicas
768 2003 802 2037 V
898 2007 939 2037 19
972 2003 1121 2038 Romuli
1147 2017 1174 2037 ω
1208 2015 1297 2038 corr.
1321 2004 1452 2047 Peiper
1481 2003 1484 2047 Ι

140 2050 314 2084 exturbat
340 2063 366 2083 ω
394 2060 484 2084 corr.
501 2050 612 2084 Sebis.
635 2050 821 2084 Baehrens
894 2054 1033 2084 20—22
1060 2052 1135 2086 uid.
1158 2052 1205 2086 ad
1227 2054 1268 2085 15
1344 2054 1386 2085 23
1413 2050 1485 2085 exi-

140 2097 185 2131 lit
211 2110 238 2130 ω
274 2108 364 2131 corr.
395 2097 525 2140 Peiper
560 2098 564 2139 1
605 2099 701 2130 artes
739 2097 770 2130 V
864 2101 908 2131 24
935 2099 1069 2132 caetera
1095 2112 1121 2132 ω
1221 2102 1264 2132 25
1291 2098 1383 2132 uelit
1411 2098 1446 2131 P

141 2143 262 2179 stadio
289 2145 342 2179 ed.
368 2144 539 2178 Tornaes.
572 2143 692 2178 studio
714 2157 741 2177 ω
764 2146 769 2187 Ι
799 2144 912 2179 acheo
941 2145 977 2178 P
1048 2148 1092 2178 26
1121 2146 1256 2179 sensim
1276 2144 1473 2179 Heinsius:

142 2191 274 2236 Peiper
299 2190 506 2226 Baehrens‘3
551 2201 675 2225 secum
701 2205 728 2224 ω
774 2191 875 2226 senio
903 2191 1080 2226 Heinsius
1118 2192 1240 2235 segnis
1266 2191 1442 2226 Franken
1480 2191 1482 2235 [⁷

140 2238 291 2273 facessit
323 2252 350 2272 ω
390 2249 480 2273 corr.
508 2237 670 2282 Scaliyer
767 2243 809 2273 31
851 2239 993 2282 premia
1029 2239 1064 2271 P
1159 2242 1202 2273 32
1240 2238 1320 2273 istis
1355 2239 1486 2283 Peiper

139 2285 228 2330 ipsis
257 2299 283 2319 ω
365 2289 408 2320 33
436 2286 529 2319 haut
556 2285 806 2330 Camzeyieter,
833 2288 897 2320 aut
923 2299 949 2319 m
973 2287 977 2329 l
1009 2286 1152 2321 auctori
1175 2287 1307 2330 Peiper
1332 2287 1436 2320 uxori
1456 2299 1484 2319 ω
