1563 2511
560 77 880 118 *383—

54 197 136 237 quo
163 183 324 224 Hector
356 182 497 236 lapide
529 182 640 223 ictus
674 182 718 222 in
751 195 923 222 suorum
958 195 1001 222 se
1027 181 1178 236 recipit
1203 181 1393 222 multitu-

54 242 205 283 dinem.
249 243 550 296 perseuerante
572 239 804 281 certamine
825 240 1074 281 caduceator
1095 239 1246 281 Idaeus
1267 240 1395 281 inter-

53 301 184 342 uenit.
245 304 338 341 tum
370 300 551 340 inuicem
584 299 728 340 missis
760 299 1007 339 muneribus
1040 312 1184 353 pugna
1216 299 1396 340 sedatur.

53 359 215 401 Hector
231 359 403 400 Aiacem
420 358 577 413 gladio,
598 357 708 398 Aiax
722 356 952 398 Hectorem
975 357 1117 398 balteo
1131 360 1395 399 muneratur:
1425 369 1466 399 10

53 419 288 459 intercessu
328 417 466 458 noctis
506 417 713 457 exercitus
754 416 932 470 quisque
970 416 1014 456 in
1052 430 1129 456 sua
1167 416 1399 459 discedunt.

55 477 121 517 die
168 477 304 518 altero
349 475 671 517 interfectorum
711 474 905 515 humatio
944 477 1206 528 procuratur.
1269 474 1398 516 Grae-

55 550 200 577 corum
233 536 361 576 etiam
394 534 564 575 naualia
596 533 712 575 fossa
748 547 796 574 ac
828 533 942 574 uallo
976 533 1237 574 circumdata
1263 533 1399 574 muni-

55 597 195 636 untur.

681 754 777 789 VIII.

215 836 307 879 Ἠὠς
333 837 404 883 μὲν
430 835 685 882 κροκόπεπλος
713 834 887 872 ἐκίδνατο
914 837 1038 871 πᾶσαν
1066 833 1126 871 ἐπ’
1156 834 1244 871 αἶαν

317 886 462 920 Aurora
487 885 524 919 in
551 884 687 919 croceis
714 883 884 929 fulgebat
910 884 1011 919 lutea
1035 883 1144 928 bigis.

146 983 257 1025 Aeto
291 983 464 1024 deorum
492 981 672 1022 concilio
701 980 897 1034 Iuppiter
929 994 1108 1034 propere
1141 979 1405 1033 pronuntiat,

59 1057 136 1084 sua
161 1045 208 1083 ut
241 1042 418 1096 quisque
447 1040 658 1082 exercitus
686 1041 800 1080 sorte
825 1039 1034 1092 decernat,
1061 1038 1204 1079 nullus
1231 1038 1406 1078 deorum

59 1102 156 1143 odio
189 1101 234 1142 in
265 1101 423 1142 alteros
456 1099 525 1140 uel
551 1099 701 1140 fauore
727 1098 942 1164 procedat.
994 1097 1043 1138 In
1068 1097 1189 1138 Idam
1216 1099 1407 1138 montem
1434 1108 1452 1137 5

59 1161 150 1215 ipse
184 1159 415 1224 digressus,
477 1157 587 1199 unde
621 1157 804 1198 Graecos
837 1157 1016 1198 inmisso
1049 1158 1211 1197 terrore
1245 1158 1407 1197 conter-

58 1220 165 1261 ritos
193 1252 201 1260 .
222 1217 410 1272 ..turpi
447 1216 550 1271 fuga
588 1216 641 1257 ad
678 1216 944 1257 munimenta
976 1214 1183 1269 compulsi
1215 1214 1335 1256 fossa
1367 1216 1409 1255 et

60 1252 289 1345 aggeribus
324 1290 415 1318 sese
448 1278 635 1316 tuentur.
685 1274 894 1316 Iunonem
928 1289 976 1315 ac
1007 1274 1246 1315 Mineruam
1280 1272 1408 1314 Grae-

61 1338 120 1379 cis
148 1336 346 1378 auxiliari
372 1335 564 1377 uolentes
586 1334 761 1375 monitis
782 1333 899 1375 Iouis
919 1332 1000 1374 Iris
1023 1334 1209 1374 exterret
1226 1332 1409 1385 diremp-

60 1400 190 1450 toque
229 1395 283 1436 ob
320 1396 491 1436 noctem
529 1393 762 1435 certamine
802 1393 987 1434 uictores
1020 1391 1195 1433 Troiani
1235 1391 1278 1432 in
1316 1391 1409 1445 ipso
1439 1401 1480 1432 10

61 1455 214 1510 proelii
260 1454 354 1495 loco
393 1453 593 1494 excubias
633 1452 870 1493 obsidionis
908 1452 1142 1492 instituunt
1180 1450 1411 1503 multisque

62 1514 235 1569 ignibus
281 1513 407 1554 factis
452 1527 527 1565 per
570 1514 710 1553 totam
753 1512 923 1552 noctem
970 1510 1276 1551 deliberatione
1317 1523 1412 1549 con-

64 1573 238 1614 sultant.

159 1723 246 1758 VIII
267 1727 287 1757 2
301 1722 440 1767 Vergil.
453 1721 496 1755 A.
510 1720 633 1755 V1126
649 1719 793 1754 Aurora
812 1721 849 1753 in
870 1719 979 1754 luteis
999 1718 1169 1763 fulgebat
1188 1718 1290 1753 lutea
1303 1716 1412 1762 bigis.

162 1869 181 1900 8
215 1863 451 1900 caduceatori
484 1863 525 1896 ds
560 1861 596 1895 P
689 1864 708 1895 9
741 1860 879 1906 missis]
920 1860 1017 1895 datis
1049 1860 1250 1894 Accursius
1292 1857 1414 1893 mistis

67 1913 199 1947 Hartel
299 1915 341 1945 10
367 1910 520 1945 baltheo
550 1909 585 1942 P
683 1912 725 1942 13
751 1908 850 1943 ualle
878 1908 914 1942 P
938 1910 942 1952 1
978 1907 1192 1942 minuuntur
1218 1907 1254 1941 P

164 1982 248 2016 VHI
278 1987 293 2016 1
315 1991 568 2017 R10K0r⁷er1doc
591 1991 766 2013 εΒΙΔΗΛτο
782 1979 818 2013 Ρ
864 1984 883 2014 3
905 1977 1021 2014 chto
1037 1978 1093 2023 ΡΙ
1116 1988 1271 2022 propere
1286 1978 1415 2022 Pez'per

69 2041 134 2075 pro
167 2031 271 2075 parte
301 2029 337 2062 P
432 2033 451 2063 6
479 2024 651 2061 cont'itos
679 2026 715 2060 P
750 2028 917 2061 lacunam
944 2026 1128 2061 indicauit
1154 2025 1282 2069 Peipcr
1330 2024 1415 2058 inde

72 2106 77 2111 .
102 2105 107 2111 .
136 2077 357 2112 conterritat
384 2076 447 2119 qui
474 2074 644 2115 S;clze‘nkl
670 2084 720 2107 an
746 2074 927 2117 conpulit,
953 2073 1040 2108 ubi?
1139 2075 1159 2106 8
1186 2073 1311 2106 tuetur
1337 2071 1372 2105 P

70 2129 90 2160 9
117 2125 222 2160 noles
246 2124 281 2157 P
301 2126 305 2166 1
330 2123 463 2167 dii-imp
467 2123 507 2156 ta
535 2121 570 2155 P
649 2124 689 2154 11
718 2120 827 2165 prelii
846 2122 904 2165 ΡΙ
928 2120 1151 2155 abscidionis
1175 2119 1209 2153 P
1229 2119 1234 2163 Ι
1257 2117 1365 2152 multi
1387 2118 1421 2151 P

121 2175 162 2206 12
190 2167 299 2206 delib’
304 2171 408 2216 atoe3
434 2170 470 2204 P
493 2179 583 2204 corr.
611 2133 762 2202 S'clzenplcl
789 2168 833 2202 de
861 2168 952 2203 belli
977 2167 1121 2202 ratione
1156 2166 1330 2211 Vyoletus.
