1563 2511
626 80 942 121 —219-

110 185 212 239 quid
237 186 378 239 ipsum
404 184 717 227 Menandrum?
751 184 850 238 quid
876 186 1060 227 comicos
1088 186 1266 227 omnes?
1300 185 1453 239 quibus

110 258 260 285 seuera
295 245 385 285 uita
425 246 490 285 est
529 246 571 284 et
609 244 721 284 laeta
758 244 951 284 materia.
1013 245 1113 297 quid
1152 245 1281 286 etiam
1312 244 1454 286 Maro-

108 317 206 343 nem
238 301 500 344 Parthenien
531 302 692 343 dictum
726 316 854 342 causa
886 302 1089 355 pudoris?
1123 304 1194 357 qui
1227 303 1270 344 in
1303 306 1454 344 octauo

109 361 342 412 Aeneidos,
375 376 470 402 cum
503 360 762 402 describeret
795 360 954 401 coitum
980 359 1161 402 Veneris
1194 364 1319 415 atque
1351 361 1453 403 Vul-

110 421 221 473 cani,
254 421 599 475 αἰσχροσεμνίαν
625 419 823 460 decenter
847 420 1092 460 immiscuit.
1139 420 1270 473 quid?
1301 421 1346 460 in
1370 422 1453 460 ter-

109 479 172 520 tio
194 478 501 533 Georgicorum
524 478 574 519 de
596 477 837 519 summissis
864 479 906 518 in
928 491 1103 532 gregem
1125 478 1292 518 maritis
1312 492 1454 519 nonne

110 538 340 579 obscenam
397 537 758 592 significationem
807 537 990 578 honesta
1040 536 1267 578 uerborum
1316 539 1454 577 trans-

109 596 268 637 latione
306 595 497 637 uelauit?
536 598 577 637 et
610 596 645 636 si
678 595 779 650 quid
818 596 862 636 in
894 598 1042 636 nostro
1081 595 1173 636 ioco
1213 595 1454 648 aliquorum
1481 606 1491 620 ⁵

108 655 333 696 hominum
384 654 591 696 seueritas
635 654 795 695 uestita
839 654 1115 707 condemnat,
1165 653 1215 694 de
1259 653 1454 707 Vergilio

110 713 363 755 arcessitum
390 714 510 755 sciat.
559 713 692 768 igitur
724 713 790 754 cui
821 713 891 754 hic
922 713 1047 754 ludus
1073 715 1220 754 noster
1245 727 1332 753 non
1364 711 1455 765 pla-

111 775 189 826 cet,
220 786 272 813 ne
299 772 471 827 legerit,
504 774 578 813 aut
604 786 701 813 cum
727 772 897 826 legerit,
931 771 1231 824 obliuiscatur,
1265 773 1338 811 aut
1370 785 1455 812 non

110 831 271 872 oblitus
297 831 506 885 ignoscat.
553 831 711 872 etenim
736 830 883 871 fabula
909 831 958 871 de
985 830 1147 884 nuptiis
1175 832 1240 870 est
1266 832 1320 883 et,
1350 829 1456 869 uelit

108 890 235 943 nolit,
268 890 393 931 aliter
422 890 528 931 haec
561 904 683 931 sacra
714 904 801 931 non
832 892 1044 930 constant.

205 1010 249 1040 20
275 1005 406 1041 Donat.
434 1004 523 1040 Vita
548 1004 708 1049 Vergilii
734 1009 793 1047 22,
829 1005 930 1040 Seru.
957 1004 1006 1039 ad
1031 1004 1063 1038 A
1089 1004 1104 1037 I
1130 1002 1179 1037 in.
1208 1001 1455 1046 (Parthenias)

109 1052 250 1097 Vergil.
278 1053 310 1086 A
330 1052 417 1087 VIII
438 1057 506 1087 404
527 1064 605 1096 sqq.
639 1051 830 1086 Annianus
857 1063 916 1096 ap.
938 1051 1031 1086 Gell.
1058 1064 1092 1086 n.
1113 1062 1144 1085 a.
1166 1049 1270 1084 VHH
1291 1053 1344 1092 10,
1369 1054 1384 1083 1
1402 1060 1454 1093 sq.

204 1104 248 1134 22
279 1099 417 1144 Vergil.
445 1099 477 1133 G
501 1099 553 1133 III
581 1103 646 1133 123
669 1110 747 1144 sqq.

204 1150 250 1181 24
269 1148 427 1181 honesta
445 1147 642 1181 uerborum
659 1145 918 1190 translatione]
939 1144 1149 1180 uerecunda
1162 1143 1322 1187 quadam
1338 1144 1456 1177 trans-

110 1194 248 1229 latione
273 1194 486 1228 uerborum:
513 1193 706 1227 Annianus
732 1193 756 1228 1.
783 1192 807 1227 1.

207 1328 249 1359 19
276 1306 355 1358 (fita
371 1302 503 1358 genera
531 1323 564 1357 T
590 1325 593 1366 Ι
628 1323 819 1357 Maronem
844 1324 862 1355 λ
888 1331 954 1356 om.
986 1320 1055 1355 TG
1134 1323 1178 1354 20
1203 1319 1242 1353 in
1267 1328 1333 1352 ΟΜ·
1361 1316 1418 1351 GR
1449 1317 1451 1361 i

110 1409 189 1430 vm.
219 1394 252 1430 G·
290 1379 352 1429 ἆυ.
386 1396 460 1438 (pr.
487 1394 593 1437 corr.)
629 1393 661 1426 T
756 1396 799 1426 21
833 1392 1031 1426 discribere
1061 1390 1094 1425 G
1190 1393 1233 1423 22
1268 1387 1456 1442 αι’ξῖχροσε-

111 1443 224 1486 μνιάν
250 1449 278 1486 ψ
304 1436 606 1486 Διοχροσέμνιαν
633 1439 678 1480 G,
704 1450 769 1475 om.
795 1439 849 1473 Τλ
876 1440 936 1474 sed
961 1439 1079 1483 spatio
1105 1447 1222 1472 uacuo
1248 1437 1371 1470 relecto

111 1489 156 1524 26
182 1488 333 1534 nii-gilio
359 1488 393 1522 Z
480 1492 524 1522 27
551 1487 769 1522 accersitum
797 1486 830 1521 G

1483 607 1500 635 [v

1505 606 1524 636 0⁵!
