1563 2511
599 74 646 80 ——
718 50 917 92 162—

28 216 100 249 [344]
582 201 697 237 VIIII.
736 200 800 235 DE
827 200 958 236 CIBIS.

98 288 189 332 Nec
220 289 393 329 nostros
425 286 614 328 reticebo
647 286 785 340 cibos,
817 299 923 340 quos
955 286 1120 339 priscus
1152 285 1284 327 habet
1339 299 1446 339 mos,

97 347 431 388 Inritamentum
463 345 618 400 quibus
651 343 822 386 additur
853 358 1112 398 aequoreum
1367 343 1445 398 sal,

98 404 350 448 Communis
377 405 606 460 pecorique
633 403 737 446 olim
764 402 882 445 cibus
910 405 1038 457 atque
1063 402 1230 444 homini
1307 402 1445 458 glans,

96 465 211 507 Ante
244 464 440 519 equidem
472 463 635 518 campis
669 477 797 516 quam
830 462 973 515 spicea
1004 462 1250 516 suppeteret
1334 461 1443 503 frux.
1470 471 1515 503 60

60 523 197 565 5M0x
229 523 334 566 ador
367 525 495 577 atque
528 522 670 564 adoris
704 521 754 562 de
786 520 947 575 polline
978 520 1219 575 pultificum
1368 519 1444 571 far,

96 581 309 624 Instruxit
342 596 513 623 mensas
547 595 630 635 quo
664 580 880 635 quondam
912 578 1189 621 Romulidum
1309 579 1444 634 plebs.

95 640 209 683 Hinc
241 641 379 694 cibus,
410 641 510 682 hinc
542 642 689 694 potus⁷
722 653 817 680 cum
850 638 1085 680 dilueretur
1117 653 1229 692 aqua
1333 637 1444 692 puls.

94 699 176 741 Est
206 700 319 741 inter
351 699 496 754 fruges
528 713 675 740 morsu
707 698 831 753 piper
863 697 1143 752 aequiperans
1380 696 1445 751 git

94 758 153 801 Et
185 759 406 800 Pelusiaco
439 758 489 799 de
523 757 683 799 semine
714 757 861 811 plana,
892 758 1005 797 teres
1351 755 1443 796 lens
1471 765 1515 797 65

42 830 76 856 ιο
94 817 153 860 Et
184 818 346 873 duplici
378 817 551 858 defensa
583 815 805 870 putamine
838 815 1161 869 quinquegenus
1357 828 1444 855 nux

95 877 301 931 Quodque
327 876 424 918 cibo
451 877 494 917 et
517 878 624 930 potu
651 874 874 929 placitum,
899 874 1023 915 labor
1047 887 1144 915 acer
1165 888 1305 927 apum,
1349 873 1444 927 mel,

93 935 285 978 Naturae
316 936 458 989 liquor
489 934 573 976 iste
605 948 760 984 nouae,
793 933 860 975 cui
893 947 1061 974 summa
1091 933 1215 974 natat
1333 931 1443 973 faex.

23 1100 98 1132 [345]
554 1086 599 1120 Χ.
637 1085 700 1119 DE
727 1083 978 1119 HISTORIIS.

95 1171 295 1214 Solamen
325 1171 423 1225 tibi,
454 1169 645 1223 Phoebe,
676 1183 837 1211 nouum
870 1168 986 1209 dedit
1018 1167 1221 1209 Oebalius
1352 1167 1442 1208 flos.

93 1230 218 1272 Flore
252 1230 337 1272 alio
369 1243 466 1271 reus
500 1232 564 1270 est
595 1227 790 1270 Narcissi
823 1229 962 1269 morte
995 1240 1112 1269 sacer
1332 1225 1442 1268 fons.
1470 1236 1513 1268 70

94 1288 247 1332 Caedis
281 1289 482 1330 Adoneae
514 1288 630 1330 mala
663 1287 806 1342 gloria
836 1286 1068 1327 fulmineus
1359 1299 1443 1326 sus.

92 1348 317 1390 Periurum
348 1347 579 1401 Lapitham
612 1345 795 1387 Iunonia
827 1344 1021 1387 ludificat
1331 1344 1442 1384 nubs

187 1474 293 1510 V1111
319 1478 339 1510 5
367 1474 412 1510 cf.
439 1474 533 1509 Plin.
561 1487 594 1508 n.
621 1474 656 1508 h.
685 1473 807 1508 XVIII
828 1476 872 1507 83

187 1527 207 1557 9
233 1522 344 1568 Verg.
372 1522 403 1557 G
429 1522 533 1556 1228
558 1531 626 1556 nec
652 1519 867 1555 Pelusiacae
894 1530 1020 1554 curam
1046 1519 1290 1563 aspernabere
1316 1517 1439 1553 lentis.

184 1569 217 1603 X
243 1573 265 1604 4
292 1569 344 1605 Cf.
371 1569 499 1604 Liuius
524 1566 755 1603 Andronicus
781 1578 840 1612 ap.
869 1566 969 1601 Seru.
997 1566 1043 1601 ad
1070 1566 1209 1610 Vergil.
1236 1566 1267 1600 A
1293 1564 1325 1599 X
1347 1568 1415 1599 636

186 1688 289 1722 VIIII
321 1701 387 1723 vm
414 1698 527 1733 mary.
550 1687 609 1722 Vv
633 1689 638 1731 Ι
661 1686 706 1721 de
733 1685 825 1720 cibis
845 1685 978 1720 nostris
1002 1683 1072 1719 ΤΘ
1097 1683 1233 1718 nostris
1253 1692 1318 1718 om.
1341 1681 1443 1717 VvO

90 1739 132 1769 57
150 1747 221 1778 quo
243 1736 301 1781 Vl
323 1735 443 1780 prisco
469 1735 528 1770 uel
551 1735 675 1778 prisca
701 1733 748 1767 Vl
771 1735 775 1776 Ι
798 1732 929 1778 habet]
958 1731 1047 1766 abos
1066 1744 1088 1765 v
1151 1734 1196 1765 58
1222 1730 1439 1764 inritamen-

87 1783 184 1828 tum]
214 1782 248 1817 V
267 1783 272 1827 Ι
301 1793 507 1826 aequoreus
530 1781 656 1816 OTM
715 1784 759 1815 59
775 1779 889 1824 pecori
914 1780 961 1814 al.
982 1789 1071 1814 corr.
1096 1778 1130 1812 V
1151 1775 1294 1822 pecoris
1313 1776 1440 1812 TMG

91 1829 95 1874 Ι
119 1830 390 1903 atqpe]tadque
411 1829 447 1864 V
468 1840 539 1873 que
557 1828 591 1863 G
659 1832 702 1863 60
723 1827 912 1872 equidem]
940 1827 1054 1861 etiam
1073 1839 1095 1859 υ
1119 1827 1124 1868 Ι
1147 1824 1271 1869 spicea
1297 1834 1362 1859 om.
1379 1823 1413 1858 T
1431 1824 1436 1869 Ι

202 1884 251 1904 ere

87 1900 267 1946 sup&sssss
291 1900 372 1934 frux
393 1899 427 1934 V
491 1903 533 1934 61
551 1899 656 1934 ador:
678 1909 700 1933 a
719 1899 759 1933 in
778 1908 849 1933 ras.
871 1897 905 1931 V
922 1897 926 1942 1
949 1897 1010 1942 de]
1038 1896 1061 1930 d
1084 1895 1117 1931 T
1136 1896 1140 1940 Ι
1161 1893 1385 1939 pultificium
1406 1892 1441 1928 V

89 1950 132 1982 62
158 1947 385 1981 rumulidum
412 1947 450 1980 v¹
478 1948 515 1991 (u
542 1947 582 1981 in
608 1957 628 1980 ο
656 1946 762 1989 corr.)
838 1948 882 1979 64
909 1945 1048 1988 fruiges
1072 1943 1124 1986 01
1147 1940 1368 1986 equiparans
1391 1941 1441 1975 M

136 1998 179 2029 66
207 1993 374 2039 dupplici
400 1993 457 2039 Vl
481 1992 742 2038 quinquetenis
774 1993 806 2026 V
828 1991 1099 2036 quinquegenis
1123 2002 1145 2023 v
1221 1992 1263 2023 67
1292 1999 1377 2035 acer
1406 1986 1441 2023 V

135 2045 179 2076 68
205 2041 276 2089 iste
302 2041 339 2075 ν’
364 2042 369 2084 l
400 2040 517 2084 thor
542 2042 600 2086 (qV
627 2051 669 2076 ex
695 2052 714 2074 c
737 2040 810 2084 pr.)
837 2053 858 2073 v
883 2040 887 2084 Ι
919 2051 984 2073 mx
1010 2036 1152 2072 vGTG

181 2099 214 2134 X
246 2113 326 2136 vnn
357 2111 470 2146 mary.
500 2100 587 2143 Vvl
623 2098 798 2144 hystoriis
820 2097 869 2132 M
938 2101 980 2132 69
1007 2096 1141 2131 fhoebe
1174 2094 1209 2129 V
1243 2093 1349 2129 foebe
1378 2106 1397 2127 υ

87 2148 224 2182 nobum
246 2147 304 2192 V}
334 2147 473 2182 ebalius
502 2147 536 2180 V
607 2150 651 2182 70
671 2146 890 2192 praefigitur
916 2157 933 2180 r
958 2144 1082 2179 uersui
1106 2156 1128 2177 v
1151 2143 1156 2186 1
1180 2141 1252 2187 est]
1280 2142 1317 2176 et
1337 2140 1397 2175 Vv

87 2193 235 2230 narcissi
268 2195 302 2228 V
336 2193 472 2229 narcisi
501 2193 570 2229 ΤΘ
605 2197 610 2237 Ι
646 2204 746 2229 more
775 2193 805 2227 G
877 2196 919 2227 71
946 2192 1104 2227 ad0neae
1132 2189 1162 2225 Ο
1194 2191 1199 2233 Ι
1239 2187 1434 2222 flumineus

87 2243 148 2286 (al.
169 2244 274 2285 corr.)
296 2242 342 2277 Vl
369 2245 409 2276 ut
434 2242 510 2276 uid.
587 2245 629 2276 72
657 2241 837 2286 pesiurum
865 2241 895 2284 (r
920 2240 1025 2283 eras.)
1052 2237 1088 2273 V
1108 2236 1276 2282 peiurum
1304 2248 1325 2269 v
1352 2245 1434 2279 per-

86 2289 220 2324 iurium
249 2289 333 2324 CM
352 2291 357 2333 1
385 2289 542 2333 lapitam
569 2287 657 2324 VM
681 2288 865 2333 laphitam
893 2287 924 2322 C
943 2288 948 2330 Ι
975 2284 1122 2321 iunonia
1148 2284 1206 2327 Vl
1236 2282 1387 2317 ludifica
1412 2294 1433 2315 υ
