1563 2511
446 159 621 201 Credita
651 159 878 213 puerities3
1406 172 1448 202 21

443 217 502 258 Et
532 217 734 259 libertina
1404 231 1449 261 34

370 286 412 318 15
445 287 622 318 svcvno
655 276 878 330 progenie,
1405 289 1449 319 35

444 333 621 376 Sobrius
654 337 697 376 et
726 348 957 388 puerorum
1405 347 1449 378 36

443 392 575 434 Vtilis
608 393 804 447 ingeniis.
1428 406 1447 436 9

445 451 505 493 Et
535 454 584 493 tu
616 462 871 504 concorzm,
1408 464 1449 494 10

444 510 527 560 Qui
558 510 767 565 profugus
798 509 940 564 patria

367 580 412 611 20
444 568 626 610 Mutasti
658 569 848 610 sterilem

443 627 562 669 Vrbe
595 627 680 669 alia
712 627 973 669 cathedram.

442 685 534 728 Nee
565 686 753 727 reticebo
787 700 932 727 senem

441 745 628 786 Nomine
660 756 965 795 PHOEBICIVM,
1408 756 1448 786 15

444 803 526 852 Qui
557 802 708 845 Beleni
740 803 935 845 aedituus
1408 816 1448 845 16

365 873 410 904 25
443 861 518 903 Nil
551 863 644 916 opis
677 862 773 903 inde
805 862 924 916 tulit3
1405 874 1448 904 22

444 919 518 962 Set
549 923 715 974 tamen,
746 923 794 962 ut
825 921 1049 974 placitum,

443 978 584 1033 Stirpe
617 982 736 1020 satus
767 979 981 1020 Druidum

444 1037 595 1080 Gentis
627 1038 920 1090 Aremoricae,
1406 1049 1448 1080 25

442 1096 705 1150 Burdigalae
738 1096 986 1138 cathedram
1025 1146 1027 1149 ι

367 1166 412 1197 30
442 1154 548 1196 Nati
581 1169 710 1208 opera
743 1155 944 1196 obtinuit.

442 1212 700 1255 Permaneat
732 1214 882 1267 series;

441 1271 726 1326 Relligiosum
760 1273 917 1314 etenim

445 1329 791 1373 Commemorare
823 1345 942 1372 meae
1405 1342 1448 1373 30

445 1388 781 1431 Grammaticum
813 1390 1000 1444 patriae,
1404 1401 1447 1431 31

98 1482 260 1528 Ingeniis
285 1481 476 1517 hominum
716 1487 734 1517 7
810 1482 948 1517 Sucuro
974 1481 1191 1526 progeniem
1403 1486 1446 1517 35

98 1529 324 1575 Burdigalae
349 1528 502 1563 rudibus
810 1530 960 1564 Sobrius
988 1530 1026 1563 et
1051 1539 1250 1572 puerorum

99 1576 212 1611 Vtilis
237 1575 395 1621 ingeniis
808 1575 987 1610 Doctrina
1013 1575 1166 1619 exiguus

99 1623 147 1658 Et
171 1625 213 1658 tu
239 1622 412 1658 concordi
693 1627 736 1657 10
808 1623 974 1658 Moribus
1000 1622 1197 1666 inplacidis

101 1670 170 1712 Qui
199 1670 377 1715 profugus
402 1668 524 1714 patria
807 1670 966 1704 Proinde
992 1671 1034 1703 ut
1059 1670 1139 1703 erat
1164 1669 1340 1705 meritum

98 1717 252 1752 Mutasti
278 1717 439 1752 stelilem
807 1717 960 1751 Famam
987 1715 1092 1750 abuit
1117 1718 1269 1752 tenuem
1402 1721 1446 1751 40

98 1765 197 1799 Vrbe
223 1764 300 1798 alia
325 1764 540 1799 cathedram
809 1762 977 1798 Perdidit
999 1763 1038 1797 in
1065 1763 1165 1799 senio

98 1812 178 1846 Nec
202 1811 366 1846 reticeuo
394 1822 519 1845 senem
812 1811 876 1846 Set
900 1812 1025 1845 tamen
1050 1810 1149 1845 hune
1175 1812 1302 1845 noster

99 1858 258 1893 Nomine
283 1858 522 1902 phoebicium
696 1861 736 1891 15
811 1856 1127 1892 Commemorauit
1151 1858 1270 1893 honus

101 1905 172 1948 Qui
196 1904 321 1940 beleni
347 1905 492 1940 aeditus
810 1904 1072 1948 Pictoniceque
1098 1903 1203 1940 dedit

99 1951 320 1987 Introtulere
345 1954 473 1987 tamen
810 1951 927 1987 Pante
955 1954 992 1986 et
1016 1950 1213 1987 Anastasio
1404 1956 1448 1986 45

101 1998 369 2034 Grammatices
396 1998 557 2034 studium
810 1998 952 2034 Fleuile
977 2009 1083 2033 musa
1108 1999 1246 2034 melum

101 2056 157 2091 Sit
180 2057 362 2103 matrinus
388 2057 427 2092 in
451 2057 509 2092 his
810 2058 859 2092 Et
883 2068 1050 2093 memora
1074 2059 1223 2093 tenuem

199 2166 240 2196 12
268 2162 444 2209 stelilem]
470 2163 511 2197 in
535 2173 648 2208 mary.
676 2163 707 2197 ri
740 2163 774 2197 V
870 2167 912 2198 16
939 2163 1110 2198 aedituus
1134 2163 1305 2209 Luydun.
1407 2166 1447 2196 19

102 2211 297 2266 matrimus]
324 2221 366 2256 in
389 2232 503 2267 mary.
531 2232 549 2255 c
571 2221 605 2255 V
697 2225 740 2256 35
767 2221 946 2266 progenie
973 2222 1164 2257 LBIueller
1260 2226 1304 2255 43
1332 2221 1448 2256 honos

101 2267 274 2312 Luydun.
371 2271 416 2301 45
442 2270 570 2312 pante:
610 2270 627 2303 t
651 2269 692 2303 in
717 2280 742 2314 g
768 2270 814 2304 al.
842 2268 876 2302 V
968 2273 1012 2303 46
1038 2269 1154 2304 melos
1182 2269 1354 2304 Heinsius
