1563 2511
24 1480 108 1515 HA

617 92 666 97 —
731 80 906 110 XXXXVI
968 94 1024 99 —

145 173 365 227 plectaris,
403 175 515 214 certe
554 187 604 215 ex
634 173 938 229 Eustorgianis
972 174 1083 216 foliis
1122 177 1303 218 uetustis
1336 176 1493 219 inlatas

146 246 238 273 esse
275 231 457 273 Vrbium
497 232 700 287 reliquias
739 234 783 274 in
822 233 1041 275 Tilianum
1078 235 1234 276 librum
1274 237 1494 279 concedes:

145 292 256 332 unde
290 291 340 332 ad
374 291 485 332 idem
517 292 674 333 redibit
706 307 786 346 res,
817 307 970 346 nempe
1003 294 1048 334 in
1081 292 1120 336 S.
1152 293 1376 350 Eustorgii
1407 295 1495 337 Me-

145 349 406 392 diolanensis
432 350 694 393 bibliotheca
721 351 819 392 libri
840 352 946 392 satis
967 352 1127 393 uetusti
1153 353 1330 394 lacinias
1360 353 1493 396 fuisse

145 423 175 449 s.
208 408 308 462 XV,
346 424 441 451 cum
474 409 666 451 Tilianus
699 410 808 451 liber
843 410 1112 452 scribebatur
1151 409 1341 467 (Ueberl.
1379 413 1493 469 198).

145 482 250 522 quas
298 469 407 509 unde
451 470 595 523 potius
640 469 842 510 oriundas
894 470 1224 524 suspicabimur,
1270 485 1397 525 quam
1442 486 1493 513 ex

142 526 407 569 bibliotheca
431 532 473 568 et
498 528 694 581 proxima
721 530 763 568 et
790 528 978 569 maxima
1004 529 1118 582 olim,
1143 532 1243 584 post
1267 545 1343 584 per
1368 530 1494 585 plura

143 586 313 627 saecula
364 587 567 628 miserum
624 587 668 628 in
715 587 887 628 modum
938 591 1215 642 peruastata,
1264 588 1492 631 Bobiensis

143 646 405 688 monasterii.
415 644 458 698 ²³)

229 774 407 816 Interim
435 775 628 829 contigit,
655 780 703 817 ut
725 777 931 817 maiorem
953 779 1118 830 partem
1145 776 1243 818 libri
1266 776 1488 819 Harleiani

141 834 255 875 2613
301 833 788 890 HMueller-Struebing
833 850 974 876 meum
1015 836 1058 876 in
1096 850 1221 876 usum
1266 835 1492 891 conferret,

141 893 233 946 ipse
280 893 573 934 Auantianum
622 894 837 948 exemplar
881 909 917 935 a.
965 894 1074 935 1507
1121 909 1256 948 nuper
1299 897 1490 949 emptum

140 965 311 1006 possem
332 954 539 992 excutere.
585 951 696 993 unde
725 953 1014 1007 suspicionem
1042 967 1181 994 meam
1210 952 1490 995 Harleianum

140 1025 190 1051 ex
235 1009 379 1051 codice
419 1009 631 1052 Bossiano
671 1025 763 1053 esse
802 1011 1083 1066 descriptum,
1121 1012 1358 1053 Auantium
1394 1015 1489 1067 ipso

140 1068 349 1111 Bossiano
382 1069 491 1110 libro
526 1084 617 1110 esse
651 1085 774 1111 usum
807 1085 987 1124 eumque
1013 1071 1170 1112 librum
1197 1070 1490 1113 Veronensem

141 1143 165 1169 a
209 1127 406 1168 Parisino
451 1129 513 1169 ita
557 1128 815 1183 discrepare,
858 1132 907 1170 ut
951 1130 1059 1171 alter
1097 1144 1147 1170 ex
1187 1130 1320 1171 altero
1354 1131 1489 1173 multo

138 1188 373 1228 uetustiore
395 1187 631 1242 descriptus
652 1188 867 1242 putandus
890 1186 1036 1243 sitm),
1063 1189 1361 1230 confirmatam
1388 1190 1490 1231 uidi.

138 1260 191 1287 en
217 1246 350 1287 habes
382 1247 574 1300 ipsorum
602 1246 809 1288 librorum
838 1247 1090 1301 scripturas:
1120 1248 1193 1288 ubi
1219 1248 1271 1288 H
1292 1247 1488 1289 Harleia-

136 1320 256 1358 num,
296 1305 339 1346 A
372 1305 551 1360 Auantii
584 1308 750 1347 textum
789 1306 1022 1360 significat,
1060 1321 1196 1361 neque
1232 1321 1319 1348 non
1355 1308 1488 1349 adieci

138 1364 321 1405 aliorum
359 1364 566 1406 librorum
605 1379 701 1406 cum
740 1365 1034 1407 consentirent
1073 1366 1214 1420 signa,
1260 1366 1303 1406 in
1337 1367 1486 1420 primis

137 1422 179 1464 P
195 1443 249 1456 =
270 1423 469 1465 Parisini.

233 1481 259 1514 I
283 1487 334 1511 III
355 1480 526 1525 Epistula
552 1479 735 1516 Theodosi
762 1480 921 1524 Augusti
947 1492 1012 1516 om.
1041 1480 1113 1514 HA
1192 1480 1422 1516 Theodosius
1442 1502 1485 1507 —

138 1527 294 1562 salutem
323 1526 398 1560 HA
491 1531 510 1561 6
537 1539 611 1562 non
645 1527 795 1572 quidem
822 1527 895 1561 HA
995 1532 1014 1562 9
1041 1539 1184 1572 rursum
1212 1539 1354 1563 rursum
1382 1529 1415 1563 H

140 1596 181 1626 10
208 1576 297 1635 notat
323 1593 356 1627 H
385 1594 389 1635 1
421 1592 534 1627 etiam
567 1603 633 1627 om.
665 1593 697 1626 A
796 1596 838 1626 13
865 1592 1081 1637 impertiens
1110 1593 1179 1627 ΗΡ
1211 1593 1428 1638 impartiare
1455 1595 1487 1627 A

138 1643 289 1721 15as13a
328 1651 441 1685 opera
472 1640 545 1675 HA
635 1644 675 1675 17
708 1640 806 1675 haud
841 1640 912 1673 HA
942 1642 947 1684 Ι
974 1642 1087 1684 atque
1108 1652 1151 1676 ac
1169 1641 1202 1674 A
1278 1644 1320 1674 18
1340 1652 1483 1685 parens

138 1688 185 1729 Hc
233 1741 299 1766 IIII
333 1733 543 1769 Theodosio
581 1734 748 1779 Augusto
787 1734 973 1768 Ausonius
1015 1734 1172 1769 salutem
1211 1734 1245 1768 H
1300 1734 1483 1769 Ausonius

135 1780 346 1816 Theodosio
373 1783 540 1826 Augusto
561 1783 592 1816 A
666 1785 686 1816 5
706 1781 856 1825 hyemet
875 1781 907 1814 H
1001 1785 1020 1815 6
1047 1792 1114 1816 nec
1135 1782 1183 1817 sit
1206 1783 1336 1826 aperta
1356 1793 1484 1816 manus

253 1888 286 1929 *)
312 1887 580 1932 Eustorgianus
622 1898 848 1931 quamquam
885 1886 1038 1922 inferior
1081 1886 1248 1922 Parisino
1294 1887 1332 1921 in
1374 1887 1482 1922 claris

134 1934 303 1975 urbibus,
343 1946 620 1979 nonnumquam
658 1939 782 1969 tamen
820 1936 950 1969 contra
982 1934 1019 1968 P
1054 1934 1144 1969 facit
1181 1945 1264 1968 cum
1299 1933 1481 1969 Vossiano

134 1980 386 2026 genuinasque
421 1982 454 2016 V
477 1981 562 2016 libri
596 1981 796 2026 scripturas
824 1981 996 2016 seruauit.
1054 1981 1191 2026 legitur
1223 1983 1337 2016 etiam
1369 1982 1406 2016 in
1439 1991 1482 2016 eo

133 2039 167 2062 u.
195 2032 251 2072 41,
279 2030 341 2074 qui
366 2029 403 2063 in
430 2029 466 2063 P
487 2029 602 2064 deest.

230 2076 285 2120 *³⁰)
314 2076 344 2110 si
370 2077 579 2111 accuratius
600 2076 690 2111 olim
710 2078 880 2111 excutere
906 2075 1074 2111 licuisset
1092 2074 1246 2110 Auantii
1267 2075 1480 2119 editionem,

134 2123 262 2157 statim
282 2123 504 2159 uidissemus
531 2124 696 2159 codicem
717 2135 799 2158 eum
821 2135 842 2158 a
862 2123 1028 2158 Parisino
1053 2123 1235 2158 diuersum
1257 2122 1480 2166 adhibuisse,

131 2181 218 2204 nam
251 2170 316 2215 Ep.
344 2170 480 2206 XXVII
508 2174 551 2206 57
580 2170 744 2215 itemque
770 2170 836 2215 Ep.
865 2169 966 2205 XXX
998 2174 1041 2205 56
1069 2172 1107 2205 et
1133 2174 1175 2205 57
1210 2171 1342 2204 desunt
1367 2169 1407 2204 in
1434 2169 1479 2213 P,

131 2227 204 2252 non
231 2218 364 2253 desunt
396 2218 434 2252 in
465 2219 506 2252 H
532 2219 570 2253 et
594 2220 640 2253 A.
679 2217 754 2252 iam
780 2218 969 2260 adum-tas,
999 2228 1155 2261 quaeso,
1181 2216 1333 2252 meliore
1360 2216 1399 2251 id
1425 2217 1480 2251 est

132 2264 337 2300 uetustiore
362 2265 401 2300 in
431 2265 728 2311 orthographicis
755 2265 897 2300 ratione
924 2265 967 2298 H
993 2265 1046 2300 uti
1081 2276 1192 2308 quam
1218 2263 1267 2306 P,
1300 2263 1478 2308 uitiisque

131 2313 276 2357 multis,
304 2312 437 2357 quibus
468 2313 504 2347 P
528 2314 663 2357 scatet,
691 2324 826 2348 carere.
