1563 2511
591 58 904 99 —100—

72 162 194 204 Vnus
228 163 309 204 erit
340 165 510 204 tantum
543 163 863 218 duodetriginta
895 162 1076 216 dierum,

73 221 212 271 Quem
243 220 388 263 Numa
418 221 666 276 praeposito
699 222 837 263 uoluit
870 221 1092 263 succedere
1125 221 1242 263 Iano.

73 279 143 322 Sic
174 282 240 321 ter
272 281 459 322 centenis
493 280 631 322 decies
665 280 862 322 accedere
896 294 1019 321 senos

75 338 450 394 Quadrantemque
477 342 521 380 et
544 339 729 394 quinque
750 339 840 381 dies
862 339 945 379 sibi
966 341 1174 392 conputat
1196 352 1343 379 annus.
1378 347 1420 378 10

2 477 100 503 xrm
121 478 184 509 [380

38 513 151 546 Ech}
218 500 315 543 QVO
342 500 508 536 MENSE
537 500 732 544 QVOTAE
761 500 929 535 NONAE
955 499 1050 534 VEL
1074 499 1187 534 IDVS
1215 498 1331 534 SINT.

74 584 135 626 At
167 599 304 626 nonas
338 584 464 625 modo
500 587 654 639 quarta
681 585 830 638 aperit,
864 584 990 626 modo
1018 587 1138 626 sexta
1165 584 1296 625 refert
1326 584 1409 624 lux.

75 642 204 685 Sexta
235 643 367 684 refert
398 642 488 684 Mai
521 642 722 685 Octobris
754 643 992 697 Martisque
1024 657 1198 685 recursu

74 701 133 743 Et
165 703 236 756 qui
270 702 459 744 solstitio
494 717 570 744 sua
600 705 797 756 tempora
828 702 965 744 Iulius
998 702 1140 744 infert.

75 760 230 803 Cetera
261 775 360 815 pars
394 776 588 802 mensum
621 762 784 815 quartis
817 764 882 802 est
914 761 1110 814 praedita
1140 761 1285 814 nonis3

75 818 233 861 Omnes
265 834 368 861 uero
401 820 494 861 idus
528 822 681 861 octaua
711 820 805 862 luce
838 822 1074 862 recurrunt.
1404 829 1422 859 5

3 983 59 1009 xv
81 983 144 1013 [331
164 982 288 1015 Ech]
316 969 513 1013 QVOTAE
539 969 806 1004 KALENDAE
835 969 942 1003 SINT
968 968 1212 1005 MENSVVM

16 1830 55 1864 V

18 1983 55 2016 V

596 1016 927 1052 SINGVLORVM.

74 1101 179 1142 Post
211 1101 324 1154 idus,
357 1115 462 1155 quas
496 1101 676 1155 quisque
709 1115 808 1142 suas
840 1101 972 1142 habet
1004 1101 1150 1142 ordine
1187 1101 1364 1154 mensis,

75 1160 284 1201 Diuersae
315 1174 495 1201 numero
526 1159 706 1201 redeunt
737 1160 935 1201 uariante
967 1160 1197 1213 kalendae,

75 1219 190 1260 Dum
223 1251 438 1261 ......
471 1233 725 1273 rursumque
757 1219 998 1272 iterumque
1031 1222 1258 1272 uocantur,

76 1277 136 1318 Vt
167 1278 339 1319 tandem
372 1278 512 1331 optati
543 1277 776 1332 procedant
807 1278 1015 1331 temporis
1049 1280 1159 1319 ortu.

77 1337 159 1377 Ter
191 1337 304 1378 senis
337 1350 508 1391 unoque
540 1337 606 1377 die
642 1336 830 1392 genialia
860 1336 972 1377 festa
1406 1346 1426 1376 5

77 1394 286 1450 Porrigit,
318 1398 365 1436 ut
395 1395 547 1435 Ianum
583 1398 772 1436 arcessat
802 1409 916 1436 noua
948 1395 1100 1436 bruma
1132 1397 1385 1437 morantem.

77 1453 171 1495 Hoc
202 1468 381 1495 numero
414 1454 657 1509 mensisque
691 1453 857 1494 Numae
890 1453 1000 1495 redit
1033 1453 1310 1507 autumnique

78 1513 342 1566 Principium
376 1512 564 1554 referens
598 1511 758 1553 Bacchi
791 1511 1042 1566 September
1073 1513 1283 1554 alumnus.

78 1571 213 1612 Iulius
247 1575 290 1612 et
320 1571 462 1613 Maius
494 1572 749 1626 positusque
781 1571 827 1611 in
857 1571 941 1612 fine
975 1571 1210 1613 December

80 1629 349 1684 Octoberque
383 1630 449 1671 die
481 1632 706 1672 reuocatur
737 1630 901 1671 tardius
935 1644 1033 1672 uno.
1386 1640 1427 1671 10

177 1773 219 1804 10
246 1770 334 1815 que]
361 1780 471 1813 quem
503 1769 550 1803 Vl

173 1827 275 1861 XIIII
316 1833 331 1861 1
361 1829 415 1862 at:
443 1830 460 1862 t
485 1828 531 1863 al.
558 1829 597 1862 iu
624 1839 696 1863 ras.
729 1828 763 1861 V
855 1832 875 1862 2
904 1828 1011 1862 maii:
1035 1839 1093 1872 pr.
1120 1826 1133 1860 i
1158 1837 1263 1862 rescr.
1291 1827 1337 1861 al.
1365 1826 1399 1860 V
1424 1847 1425 1851 =

81 1875 243 1909 octubris
282 1874 316 1908 V
409 1880 428 1909 3
464 1875 638 1919 solsstitio
678 1878 792 1917 (eraso
826 1876 852 1919 i)
890 1875 925 1909 V
1015 1879 1037 1909 4
1069 1886 1280 1910 mensuum:
1312 1885 1372 1919 pr.
1407 1886 1429 1908 u

74 1933 192 1966 paene
221 1932 322 1956 eraso
354 1921 389 1955 V
483 1926 503 1956 5
529 1923 662 1956 octaba
694 1922 727 1955 V

175 1979 242 2013 XV
272 1984 289 2014 1
317 1980 404 2014 abet
435 1980 491 2023 V}
515 1980 640 2015 ordine
674 1980 707 2013 V
789 1986 808 2014 2
836 1979 1012 2027 kalende:
1040 1980 1063 2013 d
1089 1981 1135 2014 al.
1162 1980 1203 2013 in
1229 1990 1315 2020 ras„
1341 1990 1360 2025 ς.
1387 1990 1430 2013 ex

81 2040 100 2062 e
131 2027 166 2061 V
257 2030 276 2060 3
310 2037 435 2062 uersus
475 2038 642 2069 maneas‚·
677 2032 759 2071 post
796 2028 882 2061 dum
915 2029 1085 2062 lacunam
1117 2027 1247 2061 statuit
1278 2026 1431 2061 Schenkl

81 2075 263 2118 (uertente
290 2084 386 2108 anno
413 2075 530 2118 suppl.
560 2074 779 2117 Mommsen,
806 2079 892 2118 post
923 2075 1130 2117 iterumque
1157 2073 1329 2118 Luyclun.
1357 2075 1429 2117 (ex—

80 2122 184 2166 pleto
215 2132 340 2155 mense
373 2122 491 2165 suppl.
519 2121 710 2165 Luffllmz„
751 2121 921 2164 sequenti
954 2133 976 2155 a
1007 2131 1132 2155 mense
1165 2120 1390 2161 Gronoaz'us)
1425 2139 1427 2155 ι

80 2171 177 2204 inter
207 2168 342 2204 iterum
378 2172 409 2202 a
442 2179 511 2212 que
545 2169 703 2203 claarwn
735 2169 801 2202 litt.
834 2170 992 2213 spatium
1024 2168 1058 2201 V
1149 2172 1170 2202 4
1203 2167 1323 2202 obtati
1355 2167 1388 2200 V
1424 2170 1427 2212 ξ

82 2241 183 2274 ortus
213 2238 426 2274 Gronouius
508 2242 528 2273 6
556 2238 652 2273 noba
678 2238 733 2282 Vl
755 2224 847 2272 ὒῑιῧὶωι
874 2241 909 2282 (v
935 2239 976 2273 in
1002 2249 1091 2280 rae„
1118 2250 1154 2272 m
1174 2248 1246 2282 pro
1272 2238 1432 2273 cuanicla

83 2287 231 2330 vit-qula
252 2288 311 2330 ss.)
333 2286 362 2319 V
437 2290 457 2320 8
479 2286 598 2330 baccis
623 2286 726 2329 (leuis
746 2297 877 2321 rasura
891 2297 951 2330 pr.
969 2286 1030 2329 m.)
1048 2285 1082 2319 V
1152 2289 1194 2320 10
1216 2286 1368 2320 octuber
1383 2284 1430 2319 Vl
