1563 2511
588 48 903 89 -493—

214 149 247 186 (Ι
274 151 375 185 Prec.
403 162 501 186 cons.
530 151 604 186 des.
632 154 676 186 38
702 151 939 195 praepetibus
966 151 1133 186 Victoria
1158 152 1237 186 alis.

167 201 186 232 7
214 198 352 241 Vergil.
374 197 415 233 A.
438 197 488 232 III
508 201 552 232 35
575 197 848 241 Gradiuomque
874 201 1028 243 patrem,
1057 198 1197 233 Geticis
1223 198 1287 242 qui
1312 209 1415 243 prae-

214 244 310 278 sidet
335 244 446 278 aruis.

166 294 186 325 8
214 289 247 326 (Ι
272 290 413 326 Precat.
434 302 529 326 cons.
551 291 624 326 des.
641 294 684 325 36
705 302 777 334 qua
795 302 893 336 uaga
908 291 1142 327 Sauromates
1163 292 1235 326 sibi
1247 292 1416 327 iunxerat

214 337 364 382 agmina
390 337 520 372 Chuni.

145 388 187 418 13
214 383 356 429 Vergil.
382 384 422 420 E.
450 389 482 427 6,
509 389 529 419 8
556 384 767 419 meditabor
792 384 998 419 harundine
1025 397 1179 420 musam.

145 435 188 465 14
215 431 354 476 Vergil.
381 433 423 465 A.
450 442 610 476 prooem.
639 435 661 465 4
686 431 877 466 horrentia
901 431 1043 466 Martis.

72 477 209 512 XXVII
236 480 285 523 (2)
315 482 332 512 1
360 478 499 522 Vergil.
526 479 568 511 A.
596 478 665 512 IIII
692 482 733 513 31
762 478 839 512 lato
866 478 1048 513 uenabula
1073 479 1179 514 ferro.

5 563 6 566 Ἴ
72 524 226 558 XXVIII
255 527 303 569 (3)
334 529 350 558 1
378 525 519 560 Ennod.
553 537 582 560 c.
615 525 631 558 I
664 529 702 567 5,
735 529 779 560 27
814 525 858 560 de
885 525 1003 561 Pado:
1036 528 1211 570 regnator
1241 526 1417 571 Ligurum

214 571 412 606 fluuiorum
438 572 617 607 maximus
644 571 719 607 ille.

167 622 187 653 3
216 616 249 654 (I
275 619 364 653 Mos.
392 622 472 653 450.

75 665 195 699 XXXI
221 667 271 709 (4)
302 671 316 699 1
346 665 465 701 Plaut.
491 665 593 701 Asin.
623 671 653 708 1,
683 670 713 709 1,
739 670 783 701 28
809 677 924 710 usque
951 677 993 700 ex
1020 666 1157 711 penitis
1184 666 1362 701 faucibus.

170 717 187 746 1
215 712 349 746 Tibull.
377 713 390 746 Ι
421 717 457 755 7,
491 716 535 746 24
569 713 613 747 de
639 713 744 748 Nilo:
777 715 841 747 aut
867 713 998 756 quibus
1024 714 1061 747 in
1086 714 1193 748 terris
1215 713 1418 748 occuluisse

216 762 340 804 caput.
382 758 414 794 (I
435 771 491 803 ep.
513 763 569 803 28,
590 764 610 793 2
632 760 822 794 Danuuius
847 760 987 794 laetum
1006 760 1154 804 profero
1174 760 1276 795 fonte
1297 762 1418 805 caput.

217 805 262 839 cf.
291 804 324 841 {I
351 805 442 839 Mos.
470 810 539 840 424
565 807 704 841 fontem
732 834 738 840 .
761 834 766 839 .
795 808 964 851 ignotum
991 835 998 841 .
1022 835 1028 841 .
1056 806 1182 842 Histri.

168 856 190 886 4
219 853 355 897 Vergil.
382 854 424 887 A.
450 853 520 887 IIII
546 858 613 888 229
646 854 841 898 grauidam
873 854 1038 898 imperiis
1063 853 1237 898 belloque
1263 854 1419 889 fremen-

215 902 290 934 tem
316 899 474 934 Italiam.

168 949 188 980 8
218 945 409 980 Claudian.
443 947 488 981 de
521 947 572 981 III
605 959 702 982 cons.
736 947 830 981 Hon.
864 951 931 982 206
953 959 1004 991 sq.
1044 947 1096 982 ite
1133 958 1198 992 per
1229 947 1420 982 ardentem

220 993 373 1037 Libyam
400 1017 408 1027 .
431 1021 436 1026 .
460 1021 466 1027 .
494 997 532 1028 et
557 1005 711 1029 arcanos
736 994 814 1028 Nili
840 995 1057 1039 deprendite
1082 995 1215 1029 fontes.

74 1039 229 1074 XXXIII
256 1042 329 1083 (12)
356 1044 378 1073 4
404 1040 448 1074 ef.
477 1040 617 1075 Seneca
642 1041 687 1076 de
712 1041 813 1076 breu.
840 1041 938 1076 uitae
968 1046 1020 1088 LO,
1049 1045 1079 1075 6.

170 1091 190 1121 5
216 1086 294 1122 Liu.
315 1086 416 1121 XXV
436 1091 492 1132 28,
517 1091 558 1122 18
580 1088 611 1122 si
630 1088 668 1121 in
689 1087 891 1123 occasionis
910 1091 1109 1131 momento,
1131 1088 1233 1122 cuius
1254 1089 1416 1132 praeter-

217 1135 321 1169 uolat
347 1135 617 1178 opportunitas,
645 1137 838 1170 cunctatus
865 1135 1017 1180 paulum
1042 1134 1166 1178 fueris,
1191 1134 1417 1179 nequiquam

216 1192 300 1215 mox
326 1192 501 1216 amlssam
528 1192 692 1225 quaeras.

172 1232 190 1261 7
219 1228 406 1262 Phaedrus
427 1233 459 1271 5,
487 1233 507 1263 8
534 1240 642 1263 cursu
663 1228 807 1264 uolneri
826 1228 990 1272 pendens
1010 1228 1049 1262 in
1068 1229 1264 1269 nouacula,
1291 1228 1417 1262 caluus

217 1286 367 1309 comosa
410 1274 548 1318 fronte,
592 1275 690 1310 nudo
735 1286 886 1320 corpore
914 1302 920 1309 .
950 1303 956 1309 .
990 1286 1099 1319 quem
1143 1275 1173 1310 si
1217 1275 1419 1320 occuparis,

215 1323 361 1364 teneas,
395 1322 563 1366 elapsum
596 1323 710 1357 semel
741 1334 814 1357 non
845 1322 924 1366 ipse
957 1322 1074 1365 possit
1099 1322 1265 1367 Iuppiter
1296 1333 1418 1366 repre-

216 1368 376 1403 hendere
398 1395 405 1402 .
427 1397 434 1403 .
456 1369 687 1404 occasionem
713 1381 833 1404 rerum
862 1369 1047 1413 significat
1065 1369 1227 1404 breuem.
1267 1369 1419 1403 effectus

215 1415 413 1495 ilrnpediret
438 1427 482 1450 ne
509 1415 632 1460 segnis
658 1427 772 1458 mora,
798 1416 933 1450 finxere
960 1416 1104 1460 antiqui
1123 1416 1237 1450 talem
1258 1415 1419 1461 effigiem

249 1472 419 1507 emporis.

217 1509 308 1543 Cato
335 1509 419 1543 dist.
446 1508 479 1543 II
505 1513 548 1544 26
575 1510 695 1544 fronte
723 1509 910 1553 capillata,
936 1511 1022 1553 post
1047 1511 1105 1544 est
1129 1509 1275 1544 occasio
1302 1509 1419 1543 calna.

152 1560 193 1590 12
220 1555 433 1590 Metanoea:
463 1557 574 1591 aliter
599 1568 681 1591 eam
708 1557 857 1600 Apelles
882 1557 981 1599 fecit,
1008 1557 1055 1591 cf.
1082 1556 1233 1591 Lucian.
1261 1555 1418 1591 calumn.

216 1614 290 1637 non
315 1604 402 1638 tem.
431 1604 526 1638 cred.
554 1615 585 1638 c.
613 1607 644 1647 5,
673 1603 718 1637 de
744 1615 853 1638 merc.
881 1604 985 1637 cond.
1013 1615 1044 1639 c.
1071 1607 1128 1638 42.

76 1649 250 1684 XXXIIII
279 1652 351 1694 (13)
379 1649 423 1684 cf.
449 1650 579 1685 Horat.
607 1663 635 1685 c.
663 1650 732 1684 IIII
760 1654 813 1684 10.

219 1697 379 1732 Martial.
405 1697 473 1731 IIII
500 1701 543 1731 38
571 1696 699 1740 Galla,
725 1707 838 1741 nega:
866 1697 1022 1731 satiatur
1047 1708 1161 1740 amor,
1187 1697 1259 1731 nisi
1284 1696 1422 1742 gaudia

219 1745 409 1788 torquent3
437 1745 501 1778 sed
527 1744 603 1779 noli
628 1744 797 1785 nimium,
823 1743 941 1787 Galla,
966 1755 1102 1789 negare
1128 1743 1202 1778 diu.

220 1791 377 1833 (Ennod.
404 1801 432 1824 c.
460 1791 494 1825 II
520 1796 581 1835 97,
614 1795 635 1825 4
667 1791 833 1825 marcida
864 1801 927 1824 cur
951 1790 1078 1825 iuueni
1103 1790 1272 1834 sociaris,
1304 1789 1421 1833 Galla,

222 1838 395 1882 marit0?)

174 1888 194 1919 2
220 1884 393 1929 Appulei.
422 1885 519 1929 apol.
549 1889 569 1919 9
595 1886 702 1919 tuum
728 1896 803 1919 uer.

222 1932 327 1966 Ouid.
347 1932 384 1966 F.
407 1931 440 1965 V
460 1935 527 1966 353
555 1934 592 1966 et
617 1933 743 1966 monet
767 1931 901 1966 aetatis
921 1931 1058 1976 specie,
1083 1931 1171 1965 dum
1190 1931 1331 1975 floreat,
1357 1930 1422 1965 uti.

221 1979 385 2013 quenal.
415 1978 515 2012 VIIII
544 1983 610 2013 129
639 1977 785 2022 obrepit
809 1989 882 2013 non
908 1977 1102 2013 intellecta
1126 1979 1308 2013 senectus·

222 2025 369 2060 Terent.
401 2026 489 2060 Hec.
523 2027 538 2059 Ι
568 2031 606 2069 1,
640 2029 681 2060 17
710 2028 770 2069 (74
789 2028 856 2069 sq.)
891 2036 954 2059 cur
985 2037 1059 2060 non
1091 2027 1156 2060 aut
1186 2025 1301 2060 istaec
1333 2024 1426 2058 mihi

223 2075 326 2107 aetas
352 2073 391 2107 et
415 2072 535 2107 forma
562 2074 617 2107 est
643 2074 708 2107 aut
733 2072 803 2107 tibi
827 2074 920 2107 haec
946 2072 1141 2107 sententia.

223 2120 353 2155 Horat.
376 2130 405 2153 e.
426 2119 494 2154 IIII
517 2123 571 2162 10,
594 2124 614 2154 6
642 2120 740 2154 dices
760 2119 848 2153 heu!
876 2119 1045 2163 quotiens
1065 2121 1101 2154 te
1122 2118 1270 2163 speculo
1291 2118 1427 2152 uideris

224 2167 399 2201 alterum:
439 2177 534 2211 quae
569 2177 672 2201 mens
704 2167 762 2200 est
792 2166 919 2209 hodie,
953 2177 1015 2201 cur
1047 2166 1177 2201 eadem
1209 2177 1282 2200 non
1313 2176 1427 2209 puero

226 2213 313 2256 fuit,
339 2213 401 2248 uel
427 2225 491 2248 cur
515 2213 572 2248 his
599 2214 731 2248 animis
757 2213 960 2248 incqumes
986 2224 1059 2248 non
1083 2213 1238 2247 redeunt
1262 2214 1427 2257 genae?“

224 2260 360 2295 Tibull.
400 2260 415 2294 I
453 2264 490 2303 1,
530 2264 573 2295 69
612 2260 773 2304 interea,
812 2261 899 2294 dum
938 2260 1017 2294 fata
1055 2260 1195 2303 sinunt,
1232 2259 1428 2305 iungamus

226 2318 387 2342 amores:
415 2335 422 2342 .
445 2336 452 2344 .
479 2307 554 2342 iam
580 2307 755 2352 subrepet
779 2307 876 2342 iners
903 2310 1004 2343 aetas
1031 2334 1038 2342 .
1061 2333 1069 2341 .
1091 2335 1098 2342 .

174 1983 196 2060 0¹00
