1563 2511
685 75 1000 117 —326—

93 260 340 293 xxxvn11v1]
513 248 592 295 <IN
619 248 825 283 EVNDEM
852 249 1168 297 PERGAMVM).

164 331 394 387 Pergame,
423 347 510 374 non
542 336 654 374 recte
686 334 864 388 punitus
896 335 1039 375 fronte
1073 334 1228 376 subisti

223 390 502 446 Supplicium,
533 392 676 433 lentae
710 393 821 447 quod
854 407 1046 434 meruere
1079 408 1230 434 manus

163 450 223 491 At
254 453 318 505 tu,
352 451 425 505 qui
457 451 672 504 dominus,
705 452 930 505 peccantia
962 452 1155 493 membra
1187 452 1375 494 coherce.

222 509 434 551 Iniustum
465 509 600 551 falsos
633 511 876 552 excruciare
909 525 1017 553 reos.

166 567 255 610 Aut
286 569 471 610 inscribe
504 569 646 623 istam,
678 584 785 624 quae
817 585 904 611 non
935 571 1029 611 uult
1061 571 1259 624 scribere,
1291 571 1502 625 dextram,

222 628 312 669 Aut
344 628 552 683 profugos
584 628 688 670 ferri
720 629 906 682 pondere
938 632 1060 671 necte
1093 629 1233 684 pedes.

93 791 259 817 XXXWII
280 792 314 822 [x
320 793 375 822 vn]

255 837 318 871 DE
347 838 553 873 MYRONE
583 838 666 880 QVI
692 838 851 873 LAIDIS
882 837 1081 873 NOCTEM
1107 838 1416 874 ROGAVERAT.

163 933 303 975 Canus
335 934 520 989 rogabat
551 935 696 976 Laidis
729 937 898 976 noctem
930 934 1102 989 Myron:

221 991 339 1033 Tulit
371 994 584 1047 repulsam
618 994 814 1048 protinus

163 1050 433 1107 Causamque
467 1053 603 1094 sensit
635 1056 678 1094 et
709 1055 837 1107 caput
868 1053 1046 1108 fuligine

219 1110 253 1151 F
259 1111 403 1152 ueauit
436 1113 531 1153 atra
563 1112 802 1154 candidum.

160 1168 362 1224 Idemque
396 1171 536 1224 uultu,
568 1171 684 1212 crine
716 1186 804 1213 non
836 1171 948 1213 idem
980 1171 1135 1226 Myron
1491 1183 1510 1213 5

220 1228 383 1270 Orabat-
415 1232 584 1271 oratum
617 1230 747 1284 prius.

161 1285 242 1328 Sed
275 1288 350 1328 illa
381 1288 565 1330 formam
599 1304 694 1330 cum
727 1289 884 1344 capillo
918 1304 1172 1344 comparans

220 1345 513 1402 Similemque,
546 1363 633 1390 non
665 1349 827 1403 ipsum,
858 1352 954 1390 rata

161 1403 384 1460 (Fortasse
417 1410 460 1448 et
491 1408 649 1461 ipsum,
683 1407 755 1448 sed
788 1408 937 1449 uolens
969 1408 1068 1449 ludo
1101 1407 1206 1464 frui)

219 1462 288 1506 Sic
320 1467 386 1506 est
418 1466 569 1508 adorta
599 1466 821 1508 callidum:
1467 1479 1509 1510 10

160 1521 344 1578 ‘Inepte‚
379 1525 478 1578 quid
510 1540 591 1580 me,
623 1526 734 1580 quod
766 1526 974 1577 recusaui,
1005 1526 1164 1581 rogas?

218 1581 339 1624 Patri
371 1585 529 1639 negaui
562 1585 648 1626 iam
682 1584 785 1626 tuo’.

252 1734 443 1769 XXXVIII
477 1735 575 1771 Aelii
602 1736 790 1781 Spartiani
816 1737 1025 1772 Hadrianus
1046 1741 1102 1782 20,
1124 1741 1161 1773 8:
1188 1737 1270 1773 ioca
1296 1737 1507 1782 (Hadriani)

158 1781 321 1825 plurima
346 1784 490 1825 extant3
518 1795 603 1818 nam
630 1784 702 1818 fuit:
728 1784 841 1819 etiam
868 1784 1070 1819 dicaculus.
1119 1785 1215 1819 unde
1242 1785 1336 1820 illud
1362 1796 1508 1829 quoque

158 1828 323 1864 innotuit
342 1831 453 1874 quod,
481 1841 563 1865 cnm
585 1831 731 1866 cuidam
753 1832 963 1867 canescenti
982 1831 1161 1876 quiddam
1182 1834 1366 1876 negasset,
1387 1832 1509 1867 eidem

156 1875 290 1910 iterum
318 1878 461 1921 pelenti
488 1880 551 1913 sed
577 1879 715 1913 infecto
736 1879 859 1924 capite
879 1880 1085 1924 respondit:
1117 1880 1209 1914 ‘Iam
1236 1881 1305 1915 hoc
1326 1879 1507 1925 patrituo

157 1924 318 1967 negau1.⁷

251 2064 424 2101 XXXVII
444 2068 682 2102 continuatim·
702 2068 883 2111 superiori
897 2068 939 2110 Z,
965 2069 1149 2103 disiunoeit
1165 2068 1327 2114 Sccdigyer
1402 2072 1418 2102 1
1447 2080 1507 2113 pe-

155 2111 257 2146 nitus
287 2113 373 2147 TM
395 2115 545 2157 punitus
576 2114 609 2149 G
634 2115 806 2160 poenitus
833 2115 1021 2150 Baehrens
1042 2116 1047 2158 Ι
1071 2119 1093 2158 †
1120 2127 1233 2159 marg.
1259 2116 1293 2150 Τ
1361 2120 1380 2150 3
1408 2126 1507 2150 men—

155 2159 222 2194 bra
247 2160 317 2205 ΜΙ
348 2161 521 2196 coherces
552 2162 583 2195 T
679 2167 698 2196 5
726 2174 798 2197 non
825 2173 890 2196 om.
922 2162 952 2195 Τ
978 2163 1014 2204 (†
1039 2173 1152 2208 mat-9.
1179 2162 1223 2207 T)
1247 2165 1252 2207 1
1284 2163 1365 2198 uolt
1391 2163 1439 2197 M

249 2219 441 2254 XXXVIII
479 2221 587 2255 inser.
618 2221 650 2255 G
676 2231 741 2256 om.
772 2220 804 2254 Τ
840 2220 928 2255 Seni
956 2221 1005 2255 M
1101 2225 1117 2255 1
1148 2220 1286 2256 elanus
1317 2222 1359 2265 (C
1382 2225 1508 2266 postea

149 2267 270 2309 praef.
297 2267 339 2301 in
363 2278 490 2313 marga„
517 2267 531 2300 I
557 2268 658 2311 min.)
684 2267 715 2301 T
735 2270 740 2312 1
762 2268 882 2312 laydis
906 2268 937 2301 Τ
958 2269 961 2312 Ι
984 2267 1103 2303 miron
1129 2268 1178 2302 M
1270 2273 1290 2303 3
1318 2269 1434 2304 sensit
1459 2270 1506 2304 al.

155 2323 198 2348 ex
223 2313 338 2349 sentit
365 2314 398 2348 Τ
430 2317 434 2360 Ι
468 2314 641 2359 fulligine
671 2315 702 2349 T
799 2319 818 2349 5
845 2315 951 2350 uoltu
979 2316 1027 2349 M
1059 2318 1064 2359 Ι
1099 2315 1219 2350 miron
1248 2316 1296 2350 M
