1563 2511
620 75 936 117 -231—

105 183 174 221 tus
209 179 418 234 aequalis3
451 181 495 220 at
524 181 756 234 postquam
788 180 832 220 in
857 182 1043 234 pastoris
1069 197 1247 224 examen
1273 183 1451 226 deducta

108 241 174 280 est
204 238 257 279 lis
290 238 477 292 dearum,
509 238 649 291 qualis
683 241 914 279 emerserat
945 241 1053 281 mari
1086 244 1160 282 aut
1192 256 1286 283 cum
1313 242 1450 284 Marte

108 299 379 349 conuenerat,
411 300 454 337 et
480 297 772 337 consternauit
799 297 1007 339 arbitrum
1035 302 1078 340 et
1104 301 1450 342 contendentium

107 357 321 396 certamen
352 355 576 409 oppressit.
627 369 728 410 ergo
760 356 844 396 nisi
870 355 1042 397 Delirus
1069 360 1166 398 tuus
1193 359 1236 398 in
1262 373 1305 399 re
1332 360 1449 400 tenui

108 428 193 455 non
223 413 410 454 tenuiter
440 413 661 454 laboratus
695 413 901 467 opuscula
927 429 1033 469 mea,
1066 430 1172 470 quae
1198 417 1335 470 promi
1363 420 1447 458 stu-

105 472 276 526 dueras,
307 471 586 524 retardasset,
624 472 710 512 iam
747 472 903 513 dudum
936 486 1015 526 ego
1048 476 1095 514 ut
1126 474 1291 528 palmes
1326 475 1450 516 auda—

107 530 195 572 cior
226 530 269 570 in
301 530 502 571 hibernas
536 530 673 571 adhue
707 545 832 572 auras
864 531 1109 585 improbum
1142 546 1317 586 germen
1347 534 1450 588 egis-

107 603 213 642 sem,
251 589 485 642 periculum
525 588 669 630 iudicii
709 590 853 644 grauis
892 589 1136 632 inconsulta
1174 590 1450 633 festinatione

106 647 336 689 subiturus.
381 647 559 701 denique
585 648 794 702 pisonem,
821 663 946 702 quem
970 649 1233 690 tollenonem
1253 650 1448 692 existimo

104 706 274 759 proprie
307 720 331 746 a
361 705 594 761 philologis
628 707 905 761 appellatum,
941 707 1154 761 adhibere,
1186 710 1233 749 ut
1258 708 1448 762 iubebas,

104 765 265 805 recenti
303 779 503 805 uersuum
543 767 716 805 tuorum
749 765 932 807 lectione
958 781 1044 807 non
1077 781 1222 818 ausus,
1262 781 1311 808 ea
1343 781 1449 821 quae

104 822 186 864 tibi
226 823 313 864 iam
352 823 508 864 cursim
546 823 714 864 fueraut
751 823 947 876 recitata,
992 824 1223 866 transmisi.
1292 825 1449 866 etenim

105 881 185 922 hoc
217 882 453 935 poposcisti
486 884 611 936 atque
644 882 687 922 id
720 895 798 936 ego
824 883 969 937 malui,
1000 885 1047 924 tu
1073 886 1120 924 ut
1145 885 1220 924 tua
1246 885 1370 937 culpa
1398 884 1450 925 ad

105 939 287 981 eundem
319 940 506 994 lapidem
537 941 604 981 bis
637 941 890 994 offenderes,
923 955 1003 996 ego
1037 944 1191 995 autem,
1224 956 1447 996 quaecum-

106 1013 185 1052 que
217 998 391 1040 fortuna
418 1002 542 1049 esset,
575 1000 705 1040 semel
733 1000 1035 1042 erubescerem.
1080 1000 1189 1053 uide,
1222 1000 1280 1040 mi
1307 1000 1448 1055 Paule,

105 1071 232 1110 quam
259 1058 452 1111 ineptum
478 1057 716 1099 lacessieris
736 1058 781 1098 in
801 1058 942 1099 uerbis
964 1059 1123 1113 rudem,
1149 1059 1191 1099 in
1212 1059 1448 1113 eloquendo

103 1115 313 1170 hiulcum,
351 1130 376 1156 a
407 1116 642 1170 propositis
677 1116 1010 1170 discrepantem,
1049 1117 1093 1158 in
1124 1117 1318 1158 uersibus
1352 1132 1448 1159 con-

105 1174 364 1216 cinnationis
405 1178 642 1228 expertem,
678 1175 721 1216 in
753 1175 995 1216 cauillando
1027 1189 1105 1216 nec
1136 1178 1289 1216 natura
1321 1190 1449 1216 uenu-

106 1235 218 1274 stum
250 1246 326 1273 nec
359 1235 449 1274 arte
482 1233 711 1287 conditum,
745 1233 870 1274 diluti
897 1234 1010 1287 salis,
1042 1233 1154 1274 fellis
1181 1234 1340 1288 ignaui,
1371 1248 1448 1275 1166

107 1291 156 1331 de
201 1291 332 1333 mimo
375 1291 648 1345 planipedem
692 1306 768 1333 nec
813 1291 863 1333 de
908 1292 1137 1334 comoediis
1182 1292 1449 1334 histrionem.

103 1364 152 1391 ac
182 1350 268 1390 nisi
299 1350 403 1391 haec
437 1365 461 1391 a
491 1351 616 1392 nobis
649 1350 783 1391 missa
814 1350 906 1404 ipse
937 1351 1125 1392 lecturus
1156 1365 1287 1401 esses,
1321 1352 1450 1392 etiam

104 1408 154 1449 de
180 1409 534 1461 pronuntiatione
559 1408 731 1450 rideres.
774 1423 887 1450 nunc
914 1410 1201 1451 commodiore
1226 1410 1316 1451 fato
1340 1412 1450 1463 sunt,

106 1466 230 1522 quod,
262 1467 362 1508 licet
395 1467 506 1521 apud
537 1482 616 1509 nos
650 1467 849 1522 genuina,
882 1471 985 1521 aput
1016 1471 1058 1509 te
1085 1470 1209 1509 erunt
1236 1468 1449 1522 adoptiua.

221 1548 373 1590 Virum
407 1564 503 1590 cum
535 1549 682 1604 biiugo
714 1551 877 1604 parabo
909 1550 1105 1604 plaustro

219 1607 366 1649 Primo
397 1610 590 1662 tempore
625 1607 840 1650 Santonos
874 1608 1132 1661 uehendum,

199 1715 240 1746 12
267 1712 378 1758 mari]
406 1712 517 1746 marti
540 1711 626 1746 TM
689 1716 731 1746 13
752 1712 1004 1757 prosternauit
1023 1711 1146 1747 bitum
1171 1712 1204 1746 T
1275 1715 1316 1746 16
1337 1711 1447 1746 auda-

102 1758 176 1793 tior
204 1758 277 1794 TG
375 1762 417 1794 17
449 1759 633 1803 hybernas
662 1759 696 1793 G
794 1763 834 1793 19
866 1759 1035 1803 pisonem
1063 1760 1109 1793 M
1141 1759 1291 1804 pissone
1321 1759 1354 1793 T
1376 1759 1448 1793 dis-

102 1817 230 1840 sonum
260 1805 294 1841 G
324 1807 328 1850 Ι
362 1806 504 1840 tolleno
530 1806 569 1840 if]
599 1806 632 1840 T
664 1806 755 1841 tolle
787 1817 921 1841 nomen
949 1806 1040 1841 GM
1060 1817 1151 1842 corr.
1178 1806 1308 1850 Pez'per
1404 1809 1449 1840 20

102 1875 277 1910 adhibere
300 1876 430 1920 Peiper
456 1876 605 1911 adcreui
627 1877 661 1910 Z
685 1876 809 1921 (adcui
830 1887 901 1921 pro
928 1861 1028 1912 aditii
1053 1881 1094 1912 ut
1119 1877 1194 1911 uid.
1217 1877 1366 1920 scripto)
1388 1876 1449 1909 ad-

104 1922 190 1957 dere
216 1922 368 1958 Schenkl
389 1926 395 1968 1
416 1922 544 1958 iubeas
573 1923 622 1957 M
716 1927 759 1958 22
787 1923 908 1959 fuerat
935 1923 984 1957 M
1003 1927 1008 1968 1
1038 1923 1245 1958 transmissi
1275 1924 1308 1959 G
1405 1927 1447 1957 23

100 1969 283 2014 poposisti
312 1970 345 2004 T
370 1971 373 2013 Ι
408 1970 527 2014 adque
557 1970 591 2006 G
687 1974 731 2004 24
758 1981 1000 2014 quaecunque
1023 1971 1057 2006 T
1065 1971 1097 2006 G
1193 1974 1238 2005 25
1259 1973 1343 2014 post
1370 1981 1449 2004 eru-

102 2017 290 2052 bescerem
315 2018 562 2061 interponitur
591 2028 619 2052 c.
646 2020 721 2052 327
742 2019 862 2061 praef.
888 2019 1079 2060 Bissulae,
1110 2029 1183 2062 qua
1208 2018 1373 2052 absoluta
1398 2027 1447 2051 se—

101 2064 226 2107 quitur
257 2064 373 2099 altera
400 2075 493 2108 pars
518 2065 628 2099 huius
653 2065 827 2109 epistulae
875 2065 933 2099 Ad
960 2066 1112 2109 paulum
1139 2076 1245 2098 suum
1270 2065 1449 2108 inscripta

102 2112 143 2145 in
172 2111 247 2146 TG
271 2113 361 2153 (non
386 2111 445 2153 M)
544 2115 588 2146 26
628 2123 686 2146 1116
724 2112 910 2155 loquendo
948 2111 1110 2157 hyulcun
1138 2112 1186 2145 M
1280 2114 1322 2144 27
1363 2121 1448 2144 6011-

102 2156 299 2192 cinationis
328 2158 361 2193 Θ
456 2162 501 2193 28
533 2169 602 2193 1166
632 2159 783 2204 natura]
813 2170 880 2193 1166
906 2170 970 2193 om.
1002 2159 1034 2194 G
1130 2162 1174 2193 29
1203 2158 1289 2192 salis
1316 2159 1353 2191 et
1381 2157 1413 2191 G
1442 2157 1443 2201 ξ

104 2204 184 2238 felli
210 2204 358 2248 signaui
388 2205 421 2239 Τ
512 2209 556 2240 30
583 2205 698 2240 11111110
730 2206 784 2245 ΤΙ
817 2206 991 2240 comediis
1020 2206 1053 2239 Z
1074 2206 1077 2251 Ι
1100 2205 1328 2249 hystrionem
1356 2203 1405 2237 M

103 2254 146 2285 32
180 2254 266 2286 sunt
291 2263 356 2287 om.
385 2252 434 2286 M
526 2256 569 2286 33
603 2253 710 2298 aput]
742 2252 774 2287 T
802 2254 806 2296 Ι
841 2254 962 2298 erunt]
996 2253 1082 2288 eent
1118 2253 1150 2286 T
1242 2255 1286 2285 34
1315 2249 1448 2283 Vinum

103 2298 184 2332 init.
204 2300 317 2334 minio
336 2309 402 2334 Ser.
428 2299 461 2334 T
481 2299 484 2344 Ι
508 2299 674 2343 plaustro
694 2299 834 2343 parabo
854 2300 889 2333 Z
905 2310 994 2335 corr.
1021 2299 1184 2344 l'yolctzls
1256 2300 1299 2332 35
1322 2298 1448 2331 sancto

1478 428 1519 459 15

1476 720 1521 751 ‘20

1476 1012 1518 1042 25

1476 1305 1520 1336 30

1474 1631 1518 1662 35
