1563 2511
644 66 934 108 -12-

203 172 390 227 Propere
423 186 498 227 per
530 172 655 214 aedes
689 186 808 214 curre
840 172 1021 222 uicinas,
1053 185 1169 226 puer.

206 230 297 273 Seis
329 233 440 286 ipse,
473 232 546 286 qui
579 232 682 273 sint:
715 232 886 286 iamque
919 231 1019 272 dum
1050 231 1222 285 loquor,
1253 230 1354 272 redi.
1410 242 1460 268 145

207 289 402 344 Quinque
435 291 660 345 aduocaui3
694 305 766 331 sex
801 290 914 331 enim
946 289 1190 331 conuiuium
1441 301 1462 331 5

206 347 314 390 Cum
346 363 447 404 rege
478 351 658 391 iustum:
692 351 726 390 si
761 363 905 403 super,
937 348 1178 390 conuicium
1211 351 1288 389 est.

206 408 346 463 Abiit3
379 408 519 450 relicti
550 423 627 450 nos
661 423 806 449 sumus
839 422 936 449 cum
969 406 1103 450 Sosia.
1554 420 1560 466 1

44 559 89 585 VI
109 560 185 592 [156]
467 558 621 594 LOCVS
650 559 923 595 ORDINANDI
951 558 1108 601 COQVI.

118 642 260 693 Sosia,
293 644 586 698 prandendum
619 647 695 685 est.
747 648 944 699 quartam
970 644 1058 685 iam
1084 646 1204 686 totus
1236 644 1282 685 in
1312 644 1464 686 horam

178 701 250 744 Sol
283 703 412 744 calet:
445 702 498 744 ad
530 704 726 758 quintam
759 704 947 745 flectitur
977 705 1130 745 umbra
1161 706 1324 745 notam.
1414 714 1465 739 150

117 762 187 802 An
219 764 375 816 uegeto
407 762 610 803 madeant
642 763 814 804 condita
847 762 1027 816 opsonia
1058 766 1188 817 gustu

177 818 363 876 (Fallere
394 835 578 875 namque
611 820 787 878 solent),
820 821 1080 876 experiundo
1113 822 1259 875 proba.

117 878 307 920 Concute
338 879 555 921 feruentes
588 881 743 934 palmis
775 881 1050 922 uoluentibus
1083 881 1210 934 ollas,
1444 890 1464 920 5

175 937 343 993 Tingue
376 939 486 980 celer
518 939 677 994 digitos
709 940 801 980 iure
833 940 996 980 calente
1027 943 1145 980 tuos:

117 996 320 1038 Vibranti
353 998 518 1039 lambat
551 1012 657 1052 quos
691 999 835 1039 umida
866 998 1014 1053 lingua
1045 1013 1219 1039 recursu
1414 1009 1464 1033 155

697 1086 717 1106 >01
781 1084 801 1107 20<
864 1085 884 1107 ιο(

45 1207 190 1241 V111146]
226 1207 294 1252 [IN
319 1206 575 1242 NOTARIUM
602 1208 654 1242 IN
680 1207 950 1243 SCRIBENDO
977 1206 1370 1252 VELOCISSIMUM}

399 1291 527 1343 Puer,
558 1294 760 1333 notarum
792 1295 1044 1346 praepetum

400 1349 559 1392 Sollers
591 1351 804 1404 minister,
838 1351 1005 1392 aduola.

399 1409 608 1464 Bipatens
640 1410 828 1464 pugillar
859 1410 1026 1464 expedi,

401 1467 479 1509 Cui
512 1469 651 1510 multa
682 1468 801 1509 fandi
834 1470 977 1523 eopia,
1412 1481 1464 1506 160

398 1527 575 1568 Punctis
607 1531 782 1582 peracta
814 1528 1014 1583 singulis,
1443 1539 1463 1569 5

399 1585 460 1628 Ut
492 1601 577 1628 una
609 1602 692 1628 uox
729 1587 979 1629 absoluitur.

402 1645 494 1700 Ego
527 1646 656 1687 uoluo
689 1645 824 1687 libros
857 1646 1008 1687 uberes

399 1704 627 1758 Instarque
661 1705 816 1746 densae
849 1705 1073 1760 grandinis

211 1860 230 1889 3
264 1829 519 1901 curressuflnas
554 1857 601 1889 V2
704 1861 725 1890 4
756 1822 999 1903 iaqufflocor
1026 1858 1063 1900 (q
1089 1868 1132 1891 ex
1159 1858 1192 1900 c)
1227 1856 1274 1890 V²

51 1915 88 1948 V
211 1914 263 1947 VI
289 1927 423 1953 Qonvx
454 1914 488 1948 V
557 1919 577 1949 3
604 1914 730 1959 uegito
764 1915 821 1959 Vl
845 1915 996 1950 obsonia
1025 1915 1060 1949 V
1129 1919 1149 1949 5
1175 1915 1407 1951 uoluentibus
1435 1916 1467 1950 V

115 1966 133 1996 7
162 1961 332 1996 lambant
362 1961 409 1995 V¹
445 1965 448 2005 1
483 1972 650 1996 recursus
682 1962 716 1996 V
737 1973 828 1997 corr.
863 1962 1014 1997 Vinetus

44 2022 81 2054 Z
208 2020 277 2054 VII
316 2021 357 2054 In
389 2020 575 2055 notarium
609 2022 658 2055 M
687 2020 725 2055 in
757 2021 942 2055 notarium
976 2021 1015 2055 in
1049 2021 1243 2056 scribendo
1275 2022 1463 2057 uelocissi-

114 2079 214 2102 mum
239 2067 311 2101 ΤΘ
333 2068 412 2102 be’ni
430 2069 603 2102 uersiculi
627 2069 669 2102 in
694 2079 771 2102 uua
789 2080 929 2113 quaque
949 2069 1045 2103 linea
1068 2068 1158 2111 TG,
1183 2079 1335 2112 quorum
1358 2070 1462 2113 prior

114 2115 159 2149 ab
192 2115 334 2149 initiali
366 2116 486 2150 littera
518 2116 633 2149 rubra
664 2116 813 2159 incipit,
846 2117 1016 2160 praefixa
1048 2117 1155 2150 etiam
1186 2120 1273 2150 nota
1301 2117 1322 2150 Ρ
1347 2117 1460 2151 minio

112 2163 272 2206 scripta;
298 2163 510 2206 posterioris
535 2163 815 2206 prima.littem
847 2164 966 2197 minor
998 2166 1047 2197 est
1078 2167 1110 2197 et
1136 2167 1219 2197 atra
1252 2164 1384 2198 lineola
1414 2164 1460 2198 ab

114 2210 226 2244 altero
261 2210 488 2254 disiunyitm·
520 2210 560 2243 in
589 2209 622 2243 T
718 2214 734 2243 1
770 2209 955 2244 notarium
992 2210 1079 2244 TM
1118 2212 1122 2252 1
1162 2214 1399 2255 praeceptum
1431 2210 1465 2244 Z

113 2267 203 2291 corr.
231 2257 420 2291 Auantius
446 2259 542 2292 1496
627 2260 647 2290 2
676 2257 791 2291 solers
821 2256 913 2291 GM
944 2257 1064 2292 solens
1093 2258 1125 2291 T
1209 2262 1229 2291 3
1255 2257 1404 2302 pugilar
1432 2257 1465 2292 Τ

162 2307 181 2336 5
209 2304 375 2348 proiecta
406 2303 438 2338 Τ
533 2308 551 2338 7
579 2314 648 2349 ego
674 2304 786 2339 uoluo
815 2305 848 2338 Z
885 2305 1016 2339 euoluo
1043 2305 1232 2339 Ammius
1258 2307 1354 2339 1507
