1563 2511
766 39 788 55 ἢ

592 40 905 81 —550—

908 141 1091 176 Souchaei
1159 141 1308 175 nostrae
1336 139 1411 175 edi-

923 188 1066 223 numeri
1140 188 1251 223 tionis
1263 188 1423 232 paginae

210 239 276 273 XV
304 239 446 281 Quotae
460 237 648 272 Kalendae
670 235 744 270 sint
757 246 855 270 men-

303 298 409 320 suum
459 284 695 329 singulorum.
765 282 857 328 [Ecl.

303 332 423 378 XIIII]
465 357 849 368 .........
966 333 1032 364 381
1259 333 1325 363 100

193 381 278 416 XVI
304 380 414 415 Ratio
459 378 603 413 dierum
646 376 733 411 anni
776 386 856 410 uer-

304 427 429 462 tentis.
457 424 550 471 [1301.
578 424 665 470 IIII]
699 452 706 459 .
746 453 753 459 .
794 451 801 458 .
841 451 848 457 .
965 426 1031 457 371
1252 426 1312 456 101

175 475 277 510 XVII
302 475 343 508 In
363 484 434 518 quo
453 483 579 506 mense
599 471 696 516 quod
713 470 858 515 signum

306 522 354 555 sit
379 521 426 555 ad
451 531 596 554 cursum
623 517 719 553 solis.
765 516 857 563 [Eel.

304 568 387 614 XV]
419 593 851 603 ..........
967 567 1034 598 382
1253 567 1317 597 102

157 616 277 652 XVIII
303 615 335 649 A
403 613 578 649 solistitio
639 614 678 647 in
736 611 859 656 aequi-

304 662 469 697 noctium
490 661 595 695 ratio.
624 659 717 705 [Ecl.
738 658 858 704 XVII]
967 661 1035 692 384
1254 661 1316 691 102

146 710 282 746 XVIIII
308 709 362 744 De
393 708 580 743 mensibus
613 708 651 741 et
682 707 858 751 quattuor

306 756 392 790 anni
448 754 689 799 temporibus.
765 753 858 798 [Ecl.

305 803 408 849 VIII]
462 828 846 838 .........
963 802 1029 834 375
1252 802 1314 832 103

211 851 277 885 XX
303 851 357 885 De
402 849 620 883 lustralibus
665 847 856 893 agonibus

307 898 400 943 [Eel.
426 895 582 941 XVIIII]
605 921 849 931 ......
966 896 1034 927 386
1253 896 1318 926 103

195 946 279 980 XXI
304 946 359 979 De
373 944 645 987 locisagonum.
662 940 850 988 [Ecl.XX]
965 943 1030 974 387
1253 943 1317 973 103

176 993 279 1028 XXII
305 992 358 1026 De
419 990 629 1025 auctoribus
685 999 857 1034 agonum.

308 1038 399 1084 [Eel.
427 1037 527 1083 XXI]
556 1064 847 1073 .......
963 1038 1031 1070 388
1251 1037 1316 1067 104

159 1087 277 1122 XXIII
304 1085 410 1128 Quod
423 1085 523 1119 idem
536 1084 599 1127 qui
613 1083 709 1119 sacri
721 1093 860 1128 agones

308 1135 392 1167 sunt
424 1133 462 1167 et
492 1132 663 1166 funebres
692 1130 771 1164 ludi
795 1129 858 1164 ha-

306 1180 473 1215 beantur.
502 1179 596 1224 [Ecl.
622 1177 740 1223 XXII]
795 1205 802 1212 .
841 1205 848 1212 .
966 1180 1033 1211 389
1254 1179 1319 1209 104

142 1227 279 1262 XXIIII
304 1227 358 1262 De
395 1227 496 1261 feriis
526 1225 710 1260 Romanis.
764 1223 857 1270 [Eel.

306 1273 444 1318 XVIII]
466 1299 850 1309 .........
967 1273 1034 1304 385
1255 1272 1321 1303 104

177 1322 278 1356 XXV
303 1320 537 1356 Monosticha
586 1320 631 1353 de
676 1318 860 1352 aerumnis

308 1367 489 1403 Herculis.
517 1366 653 1412 [Edyll.
679 1365 852 1410 XVIIII]
968 1368 1036 1398 366
1258 1366 1323 1397 106

160 1427 277 1463 XXVI
304 1426 431 1468 Quinti
457 1425 642 1461 Ciceronis
669 1425 709 1458 hi
732 1435 859 1459 uersus

310 1485 352 1526 eo
407 1473 609 1518 pertinent,
665 1472 707 1506 ut
762 1470 861 1523 quod

309 1533 456 1566 Signum
494 1531 566 1564 quo
604 1522 771 1563 tempore
805 1530 860 1551 m-

308 1569 424 1603 lustre
451 1567 498 1601 sit
518 1566 740 1601 mouerimus.
766 1564 860 1611 [Ecl.

310 1615 410 1661 XVI]
421 1640 853 1651 ..........
970 1613 1037 1645 383
1258 1614 1321 1645 107

145 1675 282 1710 XXVII
308 1674 378 1709 Hic
421 1685 547 1708 uersus
592 1673 669 1707 sine
711 1672 861 1706 auctore

310 1724 374 1757 est.
428 1721 506 1762 Quo
545 1720 604 1754 die
642 1719 731 1763 quid
762 1717 861 1753 demi

310 1770 355 1803 de
381 1778 535 1813 corpore
559 1767 739 1812 oporteat.
768 1765 862 1811 [Ecl.

310 1815 378 1862 VI]
420 1841 854 1851 ..........
971 1815 1037 1846 373
1258 1814 1322 1846 103

146 1875 283 1910 XXVII
303 1876 346 1908 A.
378 1873 457 1908 Hoc
508 1873 558 1907 sio
607 1872 861 1907 refellendum.

313 1920 407 1967 [Eol.
434 1920 517 1966 VII]
566 1947 855 1955 .......
971 1921 1039 1952 374
1257 1919 1322 1950 108

89 1970 186 2006 VIII
213 1969 355 2014 Cupido
388 1967 583 2002 cruciatur.
622 1965 763 2012 [Edyll.
797 1963 859 2011 VI]
911 1968 990 1999 324.
1031 1968 1097 1998 325
1257 1967 1323 1997 109

88 2017 209 2052 VIIII
234 2016 287 2050 De
314 2015 468 2050 Bissula.
498 2013 635 2059 [Edyll.
662 2013 748 2059 VII]
800 2041 807 2049 .
847 2041 854 2048 .
911 2015 1094 2046 326-331
1257 2014 1323 2044 114

88 2065 127 2099 X
154 2064 318 2098 Mosella.
346 2061 481 2108 [Edyll.
508 2061 556 2107 X]
608 2088 853 2097 ......
969 2062 1039 2093 334
1256 2061 1322 2091 118

311 2108 482 2154 Epistula
496 2107 710 2152 Symmachi
727 2108 775 2142 ad
788 2108 860 2141 Au-

312 2168 390 2191 son.
418 2154 646 2200 (Symmachi
671 2166 728 2200 ep.
754 2154 771 2189 Ι
798 2155 891 2198 145.)
984 2172 1027 2178 —-
1259 2154 1323 2184 141

91 2216 152 2250 XI
180 2215 276 2250 Ordo
302 2214 447 2249 urbium
473 2213 657 2248 nobilium
705 2242 712 2249 .
753 2241 760 2248 .
801 2242 807 2248 .
849 2241 855 2247 .
912 2213 1098 2246 285—298
1259 2214 1325 2243 144

90 2263 175 2297 XII
202 2261 551 2306 Technopaegnion.
578 2259 717 2306 [Edyll.
744 2259 856 2305 XII].
913 2261 1099 2293 337—349
1262 2261 1325 2290 155

90 2310 197 2343 XIII
224 2308 346 2343 Ludus
375 2311 517 2353 septem
545 2309 755 2352 sapientum
800 2335 807 2342 .
849 2335 855 2341 .
913 2306 1098 2339 299—308
1260 2306 1325 2338 169
