1563 2511
636 21 952 62 —439—

212 128 257 159 66
284 136 361 169 sqq.
388 123 454 158 Eu.
481 124 633 159 Iohann.
664 128 717 167 14,
745 128 777 158 9.

214 176 257 206 67
283 171 386 207 Paul.
415 171 462 206 ad.
489 170 653 206 Corinth.
680 170 697 204 I
724 175 777 214 15,
806 174 836 205 3.

213 221 256 253 73
287 216 319 253 (I
345 218 513 253 Paschal.
542 222 560 252 1
587 218 768 252 salutiferi
796 247 802 253 .
825 247 831 253 .
855 246 862 251 .
888 217 1035 254 Christi.

214 269 255 300 77
283 265 429 300 Paulini
461 264 604 300 Pellaei
634 264 840 300 Eucharist.
875 269 942 300 602
981 265 1029 300 da
1065 277 1194 311 precor
1232 266 1458 311 intrepidam

283 314 410 348 contra
436 312 560 347 omnia
585 312 709 346 tristia
733 313 905 347 mentem.

212 362 256 395 80
285 356 318 393 ([
350 358 518 394 Paschal.
556 362 599 393 14
619 371 670 404 sq.
711 359 907 403 deceptum
945 359 1138 394 miseratus
1176 360 1312 404 Adam,
1351 371 1461 404 quem

284 407 393 451 capta
417 406 569 441 uenenis
596 406 769 452 inplicuit
789 405 928 440 socium
949 405 1094 441 blandis
1116 407 1298 442 erroribus
1319 406 1459 442 Aeuua.

213 456 257 487 81
287 451 320 488 (I
346 452 513 488 Paschal.
543 457 584 488 12
612 464 807 498 sacrosque
832 452 1034 498 prophetas

213 503 257 534 84
283 501 345 535 uia
362 501 499 535 lactea:
521 500 626 535 Ovid.
642 500 691 536 M.
707 501 721 535 Ι
737 504 790 536 69.
827 499 859 535 (l
875 501 1040 536 Paschal.
1058 504 1076 535 7
1092 501 1205 546 plaga
1218 501 1340 536 lactea
1355 501 1458 536 caeli.

282 547 351 582 IIII
376 547 625 583 EGRESSIO:
652 547 725 582 uid.
754 548 800 582 ad
826 552 881 582 25.

211 597 256 629 88
282 595 398 630 Elias:
420 595 510 640 Reg.
532 594 622 637 1111;
642 595 812 629 Henoch:
838 595 926 629 Gen.
950 600 980 638 5,
1003 599 1047 629 24
1067 595 1316 630 Ecclesiastic.
1341 599 1394 637 14,
1417 598 1459 629 16

281 641 393 677 Hebr.
429 646 488 685 11,
521 646 558 684 53
586 663 630 668 -—
657 641 778 677 Sedul.
811 642 827 675 I
863 646 939 676 179.
975 646 1039 676 181
1074 653 1186 677 aurea
1217 641 1457 686 flammigeris

283 690 432 724 euectus
457 689 495 724 in
521 690 623 724 astra
643 688 835 734 quadrigis
857 716 864 722 .
888 716 893 722 .
917 718 923 725 .
946 689 1128 724 sidereum
1147 689 1358 734 penetrauit
1377 689 1458 724 iter.

213 739 256 770 90
282 735 475 781 Augustin.
503 736 547 771 de
575 737 644 772 eiu.
672 736 732 771 dei
757 736 790 770 ΙΙ
817 740 859 770 29
888 736 965 771 illic
993 737 1089 770 enim
1114 736 1183 771 tibi
1203 748 1275 771 non
1296 735 1458 771 Vestalis

281 784 396 827 focus,
421 794 496 818 non
520 783 616 828 lapis
643 782 885 828 Capitolinus,
913 783 977 818 sed
1003 784 1091 818 deus
1117 795 1209 818 unus
1236 784 1273 818 et
1298 794 1417 818 ueruS.

212 832 258 863 94
284 830 372 866 Gen.
404 835 445 873 1,’
461 835 480 865 2
512 827 543 864 (I
569 830 738 865 Paschal.
765 834 809 865 20
835 832 877 864 ut
903 841 1012 875 super
1038 841 1241 875 aequoreas
1261 830 1376 865 nabat
1396 828 1460 873 qui

282 877 432 922 spiritus
457 877 585 912 undas.

212 926 256 957 95
283 925 330 959 da
355 925 520 959 ueniam:
547 924 708 959 Martial.
729 925 796 959 XII
818 928 872 968 60,
901 929 938 967 53
965 924 998 958 ΙΙ
1026 929 1081 967 90,
1108 929 1129 959 4
1151 924 1270 969 Spect.
1292 928 1347 967 32,
1372 928 1389 958 1
1411 924 1459 959 al.

190 973 256 1004 103
282 971 422 1016 Vergil.
449 972 491 1004 A.
518 971 570 1005 VI
597 976 662 1007 743
691 972 844 1016 quisque
872 982 955 1006 suos
982 972 1146 1016 patimur
1172 982 1309 1006 maneS.

189 1020 256 1052 104
282 1019 500 1054 Tiberianus
528 1022 570 1053 28
605 1019 668 1062 da,
701 1022 823 1063 pater,
859 1020 1034 1063 angustas
1067 1020 1108 1053 ut
1140 1019 1278 1063 possim
1307 1028 1459 1053 noscere

281 1076 421 1101 causas.

189 1114 254 1147 105
282 1114 519 1157 sqq.‘Horat.
552 1113 619 1157 Ep.
646 1113 662 1146 I
691 1117 748 1156 16,
782 1117 826 1148 35
860 1114 923 1157 qui
955 1112 1095 1157 cupiet,
1129 1114 1269 1147 metuet
1300 1122 1457 1157 quoque.

280 1160 355 1195 uid.
383 1159 530 1194 Paulini
556 1171 584 1194 c.
612 1163 644 1203 4,
672 1164 691 1194 8
713 1172 790 1204 sqq.

189 1208 255 1242 110
282 1219 333 1250 sq.
361 1207 503 1242 Paulin.
533 1218 562 1242 c.
589 1211 627 1250 4,
661 1210 680 1241 6
702 1218 753 1251 sq.
787 1207 879 1241 mihi
910 1207 1006 1241 male
1040 1206 1137 1241 uelle
1169 1205 1328 1240 facultas
1355 1205 1459 1240 nulla

283 1255 331 1288 sit
357 1265 399 1288 ac
424 1254 516 1288 bene
545 1265 650 1298 posse
678 1253 776 1288 adsit
800 1254 1002 1298 tranquilla
1030 1254 1207 1298 potestas.

190 1303 255 1335 118
281 1301 415 1336 Tibull.
443 1302 457 1335 I
486 1306 517 1344 1,
545 1305 587 1336 59
617 1312 786 1345 suprema
811 1301 903 1335 mihi
930 1313 1010 1336 cum
1038 1300 1183 1335 uenerit
1208 1300 1308 1334 hora.

188 1351 254 1381 119
281 1347 441 1383 Martial.
463 1349 495 1383 X
516 1352 570 1390 47,
600 1352 642 1383 13
670 1360 850 1382 summum
877 1359 943 1383 nec
971 1349 1112 1382 metuas
1136 1347 1233 1382 diem
1254 1357 1320 1381 nec
1342 1348 1458 1391 optes.

190 1398 255 1429 122
284 1393 317 1430 (l
342 1395 437 1431 Prof.
465 1399 522 1438 26,
552 1400 592 1429 13
620 1395 753 1430 iudicis
781 1423 787 1428 .
812 1424 817 1429 .
842 1423 848 1429 .
875 1395 944 1430 dei.

190 1444 257 1476 124
285 1440 317 1477 (l
343 1442 509 1477 Paschal.
540 1446 582 1477 15
608 1442 755 1477 blandis
782 1442 976 1477 erroribus.

189 1491 256 1523 126
284 1487 317 1524 (I
343 1490 508 1525 Paschal.
530 1493 573 1524 31
597 1489 752 1533 Christe,
779 1489 877 1534 apud
897 1491 1087 1524 aeternum
1106 1487 1304 1533 placabilis
1326 1487 1455 1523 adsere

189 1585 254 1616 127
279 1538 447 1619 ἓξὲξ-Ι
481 1587 547 1618 313
569 1595 649 1628 sqq.
683 1585 722 1618 at
753 1583 923 1619 dominus
955 1583 1110 1617 uerbum
1137 1609 1144 1617 .
1172 1610 1178 1617 .
1208 1609 1214 1616 .
1243 1582 1287 1617 de
1319 1581 1458 1616 lumine

284 1630 418 1673 lumen,
446 1631 490 1665 de
518 1631 596 1666 solo
623 1631 721 1665 solus
744 1659 750 1666 .
774 1659 779 1665 .
802 1658 809 1665 .
836 1631 874 1665 in
899 1630 1066 1675 genitore
1092 1640 1243 1664 manens
1271 1630 1339 1663 etc.

192 1680 258 1712 128
285 1677 501 1722 Symbolum
528 1678 790 1722 apostolicum:
817 1678 897 1721 φῶς
925 1676 964 1712 ἐκ
992 1675 1126 1721 φωτὸς,
1152 1674 1247 1711 θεὸν
1273 1672 1459 1719 ἀληθινὸν

283 1722 324 1759 ἐκ
350 1725 446 1759 θεοῦ
475 1722 671 1769 ἀληθινοῦ.
715 1722 747 1759 (I
774 1724 942 1760 Paschal.
972 1728 1013 1759 18
1041 1735 1085 1759 ex
1110 1735 1199 1759 uero
1225 1734 1363 1758 uerum.

189 1774 255 1805 130
281 1772 424 1806 Paulin.
461 1783 492 1806 c.
532 1777 569 1815 6,
609 1776 651 1807 22
679 1782 756 1816 sqq.
797 1776 842 1806 24
883 1782 1041 1806 consona
1084 1770 1237 1806 caelesti
1279 1770 1460 1815 plangens

280 1819 536 1854 modulamina
566 1820 726 1864 plectr03
760 1830 789 1854 c.
819 1824 879 1862 17,
914 1822 979 1853 113
1000 1830 1077 1862 sqq.
1127 1817 1291 1852 Alcimus
1326 1816 1460 1851 Auitus

282 1866 316 1899 V
337 1869 402 1900 717
431 1877 593 1901 consona
618 1876 690 1910 quo
714 1866 878 1901 celebrat
897 1866 1105 1910 persultans
1125 1864 1235 1900 turba
1253 1866 1461 1908 tropaeum.

190 1916 254 1946 131
282 1913 443 1947 Rutilius
471 1914 486 1947 I
513 1917 579 1948 629
605 1924 847 1958 responsuros
874 1913 1054 1958 persultat
1081 1912 1215 1947 bucina
1241 1910 1365 1946 colles.

189 1963 255 1994 145
283 1958 315 1995 (l
343 1961 408 2004 Ep.
436 1964 493 2004 25,
522 1964 563 1995 19
589 1961 683 1995 nihil
708 1960 861 1996 moreris
888 1960 1035 2003 iamque
1062 1960 1150 1994 dum
1174 1959 1308 2003 loquor
1333 1957 1423 1992 redi.

189 2010 254 2041 146
281 2007 347 2042 Iul.
377 2006 577 2051 Capitolini
603 2008 720 2042 Verus
747 2011 784 2050 5,
819 2011 836 2041 1
871 2019 953 2042 cum
987 2007 1035 2041 sit
1059 2006 1293 2042 notissimum
1320 2005 1461 2039 dictum

282 2055 327 2089 de
353 2066 504 2090 numero
526 2055 781 2090 conuiuarum:
810 2056 952 2099 septem
973 2053 1196 2096 conuiuium,
1216 2064 1350 2088 nouem
1371 2062 1459 2086 uero

282 2101 500 2136 conuicium.
552 2102 597 2137 cf.
624 2103 740 2137 Varro
767 2113 824 2146 ap.
854 2100 1014 2137 Gellium
1036 2100 1122 2135 VIII
1150 2104 1204 2143 11,
1234 2104 1249 2133 1
1273 2111 1324 2144 sq.
1352 2098 1462 2142 (Var-

280 2148 379 2183 ronis
406 2148 499 2184 Men.
527 2149 606 2184 rell.
635 2152 820 2184 333--340
840 2148 894 2193 B).

190 2199 254 2230 149
281 2195 406 2231 Sidon.
435 2208 463 2231 c.
492 2196 611 2231 XXIII
631 2200 698 2231 459
725 2196 810 2231 hinc
837 2207 903 2230 nos
931 2196 978 2230 ad
1003 2195 1191 2240 propriam
1218 2194 1369 2228 domum
1395 2204 1459 2227 uo-

283 2243 407 2286 cabas,
446 2255 529 2278 cum
559 2254 667 2278 mane
699 2244 839 2278 exierat
870 2254 1007 2277 nouum
1040 2244 1078 2277 et
1111 2242 1296 2277 calescens
1329 2241 1460 2275 horam

281 2290 337 2324 sol
363 2290 475 2325 dabat
502 2291 657 2325 alteram
685 2290 895 2326 secundam.
