1563 2511
663 57 981 99 —174—

148 162 228 204 His
261 163 307 203 in
338 163 495 217 beatis,
527 162 646 204 diues
679 163 878 204 insanum
910 163 955 203 in
986 163 1179 216 modum,
1465 175 1499 201 20

147 221 377 263 Lateribus
409 221 550 263 aureis
582 222 744 275 templa
776 221 848 276 qui
882 221 993 262 diuis
1026 221 1169 264 dabat.

148 280 192 321 Is
226 294 294 321 me
327 280 535 322 euocauit.
597 280 723 321 uenio
757 280 870 321 dicto
905 280 1154 334 oboediens,

146 338 324 381 Meliore
356 341 405 380 ut
435 339 498 380 uti
530 352 630 393 rege
662 339 832 393 possint
864 337 1005 393 Lydii.
1454 350 1497 381 95

145 397 309 453 Rogat,
340 398 515 439 beatum
547 397 744 451 prodam,
777 397 812 438 si
845 411 971 450 quem
1003 397 1209 440 nouerim.

147 456 322 498 Tellena
354 457 448 498 dico
482 457 619 498 ciuem
652 470 739 497 non
771 456 1025 510 ignobilem:
1466 467 1500 493 25

146 515 230 557 Pro
263 516 405 570 patria
436 529 635 570 pugnans
668 515 749 555 iste
781 514 918 556 uitam
950 514 1178 556 obiecerat.

145 573 367 629 Despexit,
404 574 537 615 alium
570 573 756 627 quaerit3
789 573 936 614 inueni
968 573 1176 628 Aglaum:

144 632 274 674 Fines
308 633 436 688 agelli
467 631 631 686 proprii
662 632 699 673 is
731 646 965 686 numquam
998 636 1247 673 excesserat.
1432 644 1498 676 100

144 691 204 732 At
235 691 306 732 ille
337 691 500 732 ridens:
531 690 652 744 „Quo
684 690 783 731 dein
814 705 881 731 me
914 691 1037 745 ponis
1070 691 1182 745 loco,

144 749 306 791 Beatus
341 751 443 792 orbe
474 751 569 791 toto
603 749 674 802 qui
706 749 823 790 solus
855 749 1042 791 uocor‘?“
1464 763 1498 787 30

144 807 490 863 ‚,„Spectandum
523 808 617 850 dieo
649 808 884 849 terminum
917 808 1032 849 uitae
1064 808 1199 862 prius:

145 867 254 908 Tum
286 867 579 919 iudicandum,
613 867 649 908 si
682 869 828 908 manet
859 866 1108 908 felicitas.““

145 925 321 967 Dictum
354 927 533 968 moleste
567 924 750 968 Croesus
784 926 968 980 accepit3
1002 939 1082 981 ego
1431 937 1496 969 105

143 984 357 1040 Relinquo
390 999 549 1040 regem.
598 985 760 1026 bellum
792 985 863 1025 ille
894 984 940 1026 in
971 983 1124 1026 Persas
1156 988 1291 1038 parat.

143 1043 387 1099 Profectus,
420 1044 578 1099 uictus,
609 1044 799 1098 uinctus,
831 1043 924 1098 regi
956 1043 1123 1084 deditus
1463 1055 1496 1081 35

145 1100 241 1144 Stat
272 1103 365 1157 ille,
398 1105 577 1157 captans
609 1102 772 1144 funeris
805 1102 891 1143 iam
923 1103 1060 1143 instar
1092 1102 1176 1156 sui,

145 1161 238 1210 Qua
270 1161 443 1203 flamma
474 1164 616 1203 totum
649 1176 692 1203 se
725 1175 801 1214 per
833 1161 1045 1202 ambitum
1079 1161 1208 1202 dabat

239 1340 283 1371 93
309 1336 444 1372 Herod.
472 1338 487 1371 Ι
513 1339 558 1370 50
584 1335 734 1371 Lucian.
763 1334 910 1370 Charon
939 1339 979 1369 11

238 1398 281 1429 97
309 1395 442 1430 Herod.
470 1396 486 1429 I
512 1399 557 1430 30
582 1395 733 1430 Lucian.
763 1394 910 1429 Charon
939 1398 982 1429 10

238 1457 282 1488 98
308 1454 402 1488 Plin.
429 1465 463 1487 n.
491 1454 527 1488 h.
549 1453 615 1488 VII
639 1457 703 1488 151
731 1453 887 1489 Pedium
912 1453 1165 1488 felicissimum
1192 1453 1255 1496 qui
1280 1465 1346 1498 pro
1372 1455 1495 1499 patria

141 1511 319 1544 proxume
347 1500 608 1536 occubuisset.
631 1529 637 1535 .
662 1528 668 1535 .
698 1500 859 1545 Aglaum
892 1499 1136 1544 Psophidium
1169 1510 1248 1535 esse
1279 1500 1493 1537 feliciorem.

237 1563 281 1593 99
308 1558 480 1593 Valerius
516 1559 611 1594 Max.
639 1559 708 1594 VH
736 1564 772 1603 1,
799 1563 820 1594 2
847 1560 896 1603 (p.
919 1563 1004 1603 325,
1027 1563 1046 1594 6
1072 1559 1210 1604 Halm.)
1242 1559 1431 1605 Aglaum.
1454 1589 1462 1596 .
1483 1590 1490 1596 .

140 1605 172 1640 is
199 1607 280 1640 erat
304 1606 492 1641 Arcadum
518 1607 794 1651 pauperrimus,
827 1607 891 1641 sed
917 1608 1041 1642 aetate
1067 1607 1140 1641 iam
1168 1607 1290 1642 senior
1315 1607 1494 1643 terminos

142 1653 256 1698 agelli
286 1653 342 1688 sui
367 1664 571 1697 numquam
597 1655 816 1689 excesserat.

235 1822 279 1852 92
305 1818 372 1852 His
399 1819 437 1853 in
471 1818 504 1852 V
526 1818 560 1852 Is
588 1819 638 1862 (in
664 1821 746 1861 om..)
773 1818 831 1862 ΡΙ
860 1819 991 1853 beatus
1020 1818 1095 1853 VP
1117 1829 1207 1854 corr.
1229 1818 1390 1865 Scaliger
1409 1823 1447 1863 2,
1467 1823 1493 1855 2

141 1865 145 1910 l
174 1864 327 1906 insanus
354 1865 391 1900 P
462 1869 506 1900 94
526 1865 592 1899 His
621 1865 654 1899 V
674 1866 678 1911 Ι
702 1865 786 1900 ueni
812 1865 886 1900 VP
907 1865 1016 1900 nenio
1036 1866 1228 1901 Auantz'us
1254 1870 1351 1902 1507
1372 1866 1377 1912 Ι
1406 1867 1491 1902 obe-

138 1911 243 1946 diens
275 1911 349 1946 VP
436 1916 480 1947 95
507 1913 593 1957 rege
622 1912 658 1947 P
746 1916 790 1947 96
817 1912 943 1958 quem]
971 1913 1121 1956 quidem
1148 1913 1195 1947 V¹
1282 1917 1326 1949 97
1352 1914 1493 1948 tellena

138 1959 175 1994 P
195 1959 338 1994 tellana
371 1959 428 2003 V!
451 1959 655 2004 ignouilem
688 1959 732 1993 V¹
810 1964 854 1995 98
881 1960 1007 2005 pugfis
1034 1960 1093 2003 ΡΙ
1117 1961 1171 1995 ste
1207 1960 1254 1995 V¹
1276 1962 1281 2004 1
1304 1961 1492 1996 obiecerat

145 2005 192 2040 V¹
219 2006 406 2040 abiecerat
430 2006 614 2041 Graeuius
699 2011 741 2040 99
769 2007 942 2050 dexpexit
972 2007 1003 2039 V
1088 2011 1154 2042 100
1182 2008 1211 2042 is
1239 2008 1323 2043 add.
1350 2007 1491 2053 Paper,

137 2063 203 2088 om.
230 2052 304 2088 VP
376 2056 441 2087 101
469 2055 509 2088 at
534 2065 577 2088 ex
603 2054 648 2088 ad
676 2057 717 2088 ut
741 2055 817 2089 uid.
841 2054 898 2097 V!
928 2054 1059 2088 deindo
1092 2054 1166 2089 VP
1188 2065 1278 2090 corr.
1295 2054 1455 2100 Scaliyer
1483 2055 1488 2101 Ι

137 2100 243 2145 ponit
268 2100 305 2135 P
400 2104 465 2135 105
495 2101 642 2145 Chrysus
676 2101 710 2134 V
733 2101 895 2135 chriesus
923 2101 980 2144 ΡΙ
1004 2102 1131 2146 accepi
1158 2102 1216 2145 ΡΙ
1240 2102 1326 2147 ego]
1353 2104 1393 2137 at
1418 2113 1488 2146 ego

142 2147 309 2191 Vinctus,
340 2148 365 2191 f.
401 2148 493 2183 abeo
526 2150 530 2192 Ι
566 2148 718 2192 accipit,
751 2159 839 2183 exeo
873 2147 1035 2193 Scaliyer
1060 2151 1096 2191 2,
1122 2152 1147 2183 :2
1248 2152 1313 2183 107
1340 2149 1489 2184 uinctus

138 2205 204 2231 om.
225 2195 262 2229 P
356 2198 421 2230 108
449 2197 525 2230 stat
553 2196 684 2240 Peiper
710 2196 765 2240 at]
789 2196 822 2229 V
845 2196 884 2230 at
907 2195 966 2238 ΡΙ
996 2197 1165 2240 captans:
1193 2196 1254 2230 alt.
1283 2207 1304 2230 a
1329 2207 1372 2231 esc
1393 2201 1436 2230 e?
1458 2196 1493 2231 V

138 2243 293 2287 captans
318 2242 398 2287 ipse
426 2243 462 2277 P
496 2243 573 2287 ipse
600 2254 666 2277 om.
701 2243 784 2286 Vp?
826 2244 829 2285 Ι
870 2242 945 2277 iam
974 2243 1123 2287 Peiper,
1155 2253 1220 2278 om.
1253 2242 1326 2277 VP
1421 2247 1487 2278 109

139 2300 212 2332 qua
246 2289 279 2324 V
302 2289 365 2333 qui
392 2289 428 2324 P
452 2291 456 2335 1
486 2290 584 2324 fama
610 2291 646 2324 P
670 2292 674 2334 Ι
704 2301 741 2324 se
769 2290 850 2335 per]
878 2300 1022 2334 semper
1057 2290 1089 2324 V
