1563 2511
0 0 9 48 l

0 141 6 187 l

514 99 565 103 —
629 87 810 116 XXXXIII
875 98 923 104 --

0 194 1 217 1
50 181 224 223 Verona
256 183 374 222 sexto
407 180 502 221 Kal.
529 180 706 221 Martias
733 195 769 220 a.
798 180 910 221 1493
938 181 1095 234 scripta
1120 180 1393 236 (Familiares

0 246 3 297 ζ
50 243 92 281 et
123 240 331 281 secundae
366 238 538 280 MBossi
578 239 794 293 epistulae.
851 238 1052 279 Mantuae
1092 241 1202 282 1498
1235 240 1262 281 f.
1295 238 1393 294 431¹)

0 301 2 309 ι

0 346 1 353 1

50 313 93 340 se
125 301 246 340 trans
272 298 406 353 Alpes
438 297 704 340 Florentiam
734 297 901 352 Angelo
928 298 1098 339 misisse
1131 299 1233 340 dicit
1261 299 1394 340 Auso-

47 358 167 399 nium
202 358 271 398 diu
305 358 557 411 expetitum,
589 361 862 397 ueternosum
901 356 1088 410 quidem,
1127 361 1174 398 ut
1205 358 1276 398 uix
1309 358 1394 412 legi

47 417 195 471 possit,
228 419 466 458 atramento
495 416 721 457 subcroceo
749 414 1121 469 Longobardoque
1147 416 1393 457 charactere

48 476 355 529 conscriptum,
388 475 499 516 carie
531 475 733 529 tineaque
766 474 954 515 obesum.

169 544 347 587 „eundem
381 554 469 578 uero
503 554 547 577 ex
579 543 772 577 notatione
799 542 921 577 indice
952 543 998 576 ad
1032 543 1115 577 libri
1142 544 1253 587 caput
1280 555 1392 588 appo-

48 590 121 626 sita
151 603 322 626 mancum
353 592 391 626 et
422 591 594 625 truncum
632 590 818 635 plerisque
850 589 940 624 locis
974 590 1136 625 offendes
1168 590 1250 635 plus
1283 602 1394 634 quam

47 640 221 673 caeteros,
267 640 304 673 et
338 650 420 673 cum
452 637 510 671 his
543 648 636 682 quae
669 637 825 672 Ausonii
857 640 943 671 sunt
981 637 1083 682 leges
1124 649 1270 682 quoque
1304 649 1393 672 non-

48 685 151 720 nulla
176 686 371 720 interiecta
404 687 516 728 atque
546 685 718 719 immixta
749 683 959 720 Prudentii.
991 688 1031 719 ut
1064 685 1315 719 consociatum
1344 686 1392 719 sis

47 733 242 767 habiturus
274 735 471 776 utrumque
505 731 660 766 disiecta
691 743 757 776 per
795 732 962 766 membra
993 731 1197 766 Ausonium
1236 734 1274 766 et
1306 732 1393 765 Pru-

50 779 281 822 dentium“*)
331 778 517 823 (Schenkl.
545 791 579 824 p.
607 778 669 813 XL
694 780 770 814 not.
798 782 868 821 36).

139 841 288 882 Redire
327 840 499 881 uidetur
537 840 585 881 ad
627 839 738 881 hanc
777 841 1009 894 epistulam
1048 841 1141 881 laus
1179 840 1271 893 illa,
1311 854 1393 894 qua

45 899 286 941 Politianus
321 914 415 940 cum
444 898 581 940 Bosso
617 901 658 940 et
684 898 872 954 Vgoleto
907 900 1016 940 inter
1043 898 1394 941 Ausonianoruni

47 974 223 1013 operum
256 959 536 1012 sospitatores
569 960 752 998 refertur
783 958 826 998 in
858 959 1013 999 notitia
1046 958 1237 999 literaria
1270 973 1295 999 a
1322 957 1392 998 Bi-

46 1018 327 1071 pontensibus
368 1017 601 1058 editoribus
640 1017 828 1071 praefixa
872 1032 910 1070 p.
950 1016 1053 1057 XXI
1099 1017 1150 1057 ad
1190 1032 1226 1058 a.
1268 1016 1392 1057 1499.

46 1077 95 1118 cf.
141 1076 392 1117 Laurentius
437 1075 665 1130 Pignorius
718 1074 1022 1129 Symbolarum
1073 1075 1392 1129 epistolicarum

47 1135 157 1177 libro
191 1133 381 1191 (Patauii
416 1135 526 1176 1628
560 1132 695 1189 edito)
728 1149 792 1188 ep.
818 1133 921 1176 XVI
953 1150 992 1188 p.
1020 1133 1093 1175 56:

141 1203 380 1246 „Poteramus
408 1207 445 1237 et
470 1214 535 1237 nos
568 1203 707 1237 iactare
734 1202 854 1245 Bobii,
881 1203 951 1236 An.
979 1201 1199 1238 MCDXCHI
1225 1209 1392 1247 repertos

45 1250 230 1285 Rutihum
249 1251 516 1284 Numatianum
543 1252 692 1294 poetam
716 1276 723 1283 .
747 1276 754 1283 .
778 1276 785 1283 .
808 1252 848 1284 ut
874 1250 928 1284 ait
946 1249 1214 1285 Volaterranm
1241 1250 1320 1284 Lib.
1343 1250 1391 1284 IV

46 1299 180 1341 Geogr.
222 1298 308 1342 Pag.
349 1297 456 1331 XLV.
498 1299 711 1341 poteramus
751 1297 962 1332 adscribere
1004 1297 1139 1332 nostris
1178 1297 1391 1331 hominibus

44 1344 210 1380 Euresim
237 1347 292 1387 (ut
322 1344 376 1379 ita
408 1345 543 1386 dicam)
579 1343 799 1385 Quintiliani
822 1373 828 1378 .
852 1370 860 1378 .
882 1370 892 1379 .
913 1345 1031 1378 ueluti
1063 1344 1197 1379 asserit
1228 1344 1392 1379 Blondus

43 1393 80 1427 in
125 1393 372 1427 Romandiola
416 1390 631 1426 CCCXLVl.
696 1396 909 1435 poteramus
953 1391 1160 1426 Ausonium
1203 1392 1390 1436 imputare

44 1439 238 1474 Matthaeo
263 1439 395 1482 Bosso,
423 1439 566 1483 Angelo
592 1438 798 1481 Policiauo‚
827 1441 864 1473 et
890 1439 1043 1474 Thadeo
1070 1439 1266 1484 Vgoleto.“

44 1515 143 1542 nam
181 1515 230 1541 ex
268 1513 350 1553 quo
391 1514 426 1539 a.
460 1499 571 1540 1489
616 1498 989 1540 Miscellaneorum
1029 1499 1264 1540 centuriam
1307 1499 1391 1540 edi-

45 1560 166 1600 derat
209 1558 466 1612 politianus,
507 1557 699 1599 Ausonio
737 1573 910 1612 operam
947 1573 1044 1600 eum
1084 1573 1262 1599 nauasse
1304 1573 1391 1599 non

45 1615 405 1672 conperimus.**)

134 1676 344 1718 Bossiano
373 1679 517 1717 autem
548 1675 660 1717 libro
692 1690 778 1717 non
811 1676 884 1717 diu
910 1690 1012 1717 usus
1041 1679 1117 1730 est,
1150 1690 1248 1716 nam
1281 1675 1390 1716 obiit

138 1791 172 1835 ²⁵⁶)
198 1790 450 1825 Prudentiana
476 1791 514 1825 in
543 1791 578 1825 1²
602 1802 747 1835 quoque
774 1792 903 1826 extant
928 1791 952 1825 f.
981 1795 1053 1834 271,
1079 1795 1149 1834 281',
1178 1795 1249 1826 75r.

116 1838 171 1882 **)
199 1837 294 1880 Quia
320 1850 403 1872 cum
429 1839 499 1872 hoc
526 1838 653 1873 codice
674 1838 850 1873 Bossiano
872 1839 1108 1873 coniunctum
1139 1839 1195 1873 est
1214 1838 1391 1873 Politiani

44 1897 196 1929 nomen,
223 1896 267 1919 ex
292 1884 434 1920 Labbei
453 1884 561 1920 Noua
586 1885 675 1920 bibl.
704 1897 788 1920 mss.
810 1885 989 1920 librorum
1009 1885 1126 1920 Paris.
1150 1890 1239 1921 1653
1265 1898 1300 1931 p.
1323 1889 1390 1920 371

45 1935 138 1968 haec
163 1931 387 1967 describam:

141 1980 225 2024 „VC
258 1978 420 2014 Isaacius
453 1979 656 2023 Hei-aldus,
690 1979 872 2015 Desiderii
904 1980 1057 2015 Heraldi
1089 1979 1320 2014 celeberrimi
1352 1979 1391 2013 in

47 2027 156 2062 Curia
194 2037 364 2072 suprema
402 2027 522 2070 Regni
562 2037 757 2061 causarum
794 2028 948 2062 Patroni
986 2026 1102 2062 Filius
1142 2026 1390 2068 doctissimus,

46 2074 214 2109 exhibuit
239 2072 331 2108 mihi
358 2073 577 2119 Catalogum
602 2074 782 2110 librorum
809 2075 953 2119 aliquot
978 2073 1070 2110 MSS
1097 2074 1160 2119 qui
1187 2085 1230 2108 ex
1254 2074 1390 2116 Anglia

45 2123 84 2156 in
122 2121 218 2155 hanc
250 2121 378 2155 urbem
416 2120 491 2155 iam
524 2121 667 2165 pridem
699 2122 886 2166 deportati
918 2121 1059 2156 uenditi
1093 2123 1179 2155 sunt
1211 2121 1391 2166 superiori

46 2180 141 2203 anno
168 2168 295 2203 Nobili
327 2168 474 2202 cuidam
508 2167 703 2203 Germano.
762 2170 802 2203 In
833 2169 879 2203 iis
912 2170 1018 2204 erant
1051 2168 1225 2203 Catulli
1253 2169 1390 2203 codex

47 2215 318 2259 antiquus..
343 2241 350 2248 .
376 2215 567 2250 Ausonii
593 2216 734 2250 codex
760 2216 1038 2260 antiquissimus
1044 2241 1176 2250 .....
1181 2218 1200 2233 “

141 2275 184 2297 ex
216 2262 321 2296 libris
354 2264 475 2296 autern
510 2262 573 2305 qui
611 2262 681 2297 hoc
720 2263 891 2308 catalogo
930 2265 1185 2306 recensentur,
1225 2262 1391 2296 nonnulli

48 2308 309 2344 collationibus
330 2311 367 2344 et
386 2308 757 2354 interpretationibus
778 2310 911 2354 Angeli
932 2310 1110 2345 Politiani
1131 2308 1253 2344 ornati
1273 2310 1385 2343 erant.
