1563 2511
630 63 945 105 -263—

112 168 279 223 Pompa
310 168 394 209 loci
426 170 468 208 et
499 168 600 209 uani
630 171 799 209 fucatur
833 183 985 210 scaena
1016 171 1198 213 timoris.

111 227 231 269 Haec
263 226 364 269 olim
399 226 652 281 genitorque
684 229 783 267 tuus
817 228 1096 282 genetrixque
1129 230 1264 271 secuti

113 285 312 329 securam
345 285 514 339 placido
546 284 654 325 mihi
685 285 946 339 permulsere
980 289 1206 329 senectam.

112 345 177 386 Tu
209 344 390 398 senium,
423 343 716 398 quodcumque
751 345 1125 398 superlabentibus
1158 347 1282 387 annis
1413 357 1456 388 35

111 403 221 445 Fata
253 403 435 456 dabunt,
468 402 540 456 qui
572 416 730 443 nomen
763 403 834 443 aui
866 403 999 457 geris,
1031 404 1173 445 indole
1205 405 1364 459 prima,

111 462 253 503 Prime
285 475 436 515 nepos,
469 461 538 502 uel
569 475 613 501 re
645 461 714 502 uel
747 475 820 515 spe
853 461 959 502 mihi
989 476 1123 516 porge
1156 462 1391 505 fruendum.

110 520 236 562 Nunc
268 533 347 575 ego
380 522 422 561 te
453 533 649 574 puerum,
682 534 780 561 mox
812 520 857 560 in
888 520 1159 562 iuuenalibus
1194 522 1315 563 annis

111 579 287 633 Iamque
319 578 458 620 uirum
491 592 680 631 cernam,
713 579 748 619 si
780 577 869 620 fors
902 579 964 620 ita
996 579 1183 633 iusserit,
1219 583 1293 621 aut
1326 581 1361 622 si

109 637 282 679 Inuidia
315 640 400 692 est,
432 637 613 691 sperabo
645 639 809 691 tamen,
841 651 918 679 nec
950 640 1053 679 uota
1084 638 1304 693 fatiscent,
1413 650 1457 681 40

110 696 170 738 Vt
200 696 335 750 patris
370 699 497 750 utque
530 696 615 737 mei
647 710 734 737 11011
766 697 976 738 inmemor
1008 697 1141 738 ardua
1173 711 1341 752 semper

109 755 308 797 Praemia
340 769 560 796 musarum
595 756 739 808 cupias
772 755 979 796 facundus
1013 759 1055 797 et
1087 756 1190 797 olim

109 814 202 856 Hac
235 813 433 869 gradiare
465 814 554 867 uia,
587 828 670 868 qua
700 828 778 855 nos
810 814 1121 868 praecessimus
1155 817 1197 855 et
1229 815 1296 856 cui

108 873 344 914 Proconsul
377 873 563 927 genitor,
594 872 837 926 praefectus
871 874 1105 914 auunculus
1138 874 1314 914 instant.

108 931 306 986 Perlege,
340 932 635 986 quodcumque
669 934 733 972 est
763 932 1050 972 memorabile.
1095 932 1234 985 prima
1260 932 1457 974 monebo.

109 989 316 1033 Conditor
349 990 506 1032 Iliados
541 993 583 1031 et
615 990 814 1031 amabilis
847 1005 946 1031 orsa
977 990 1201 1032 Menandri
1411 1002 1456 1033 46

107 1049 363 1091 Euoluenda
395 1049 492 1090 tibi:
532 1051 578 1089 tu
609 1049 721 1090 flexu
754 1051 796 1089 et
828 1049 1021 1090 acumine
1053 1049 1172 1090 uocis

107 1108 361 1149 Innumeros
390 1122 592 1149 numeros
625 1107 762 1149 doctis
796 1107 1042 1148 accentibus
1077 1108 1178 1148 effer

109 1167 398 1221 Adfectusque
430 1166 589 1220 inpone
620 1166 780 1220 legens.
832 1166 1052 1207 distinctio
1088 1180 1260 1208 sensum

109 1225 254 1280 Auget
286 1228 328 1266 et
359 1225 531 1280 ignauis
565 1224 668 1266 dant
699 1225 932 1265 interualla
963 1225 1171 1279 uigorem.
1413 1236 1456 1267 50

108 1284 341 1338 Ecquando
374 1285 460 1325 ista
491 1298 611 1326 meae
645 1284 896 1338 contingent
928 1283 1039 1324 dona
1071 1283 1296 1325 senectae?

202 1380 244 1411 32
273 1378 310 1411 et
336 1376 440 1411 luani
465 1375 493 1420 (l
518 1376 600 1419 del.)
630 1375 662 1409 T
682 1377 687 1420 Ι
716 1375 864 1410 fucatur
892 1375 928 1409 P
956 1375 1107 1420 fugatur
1137 1375 1172 1409 V
1198 1375 1363 1420 fugiatur
1390 1376 1424 1408 Z

106 1447 242 1492 scaena]
271 1447 304 1482 G
378 1450 422 1481 33
448 1447 502 1481 tVs
527 1446 573 1481 Vl
597 1448 602 1490 Ι
624 1446 810 1492 genetrix]
838 1446 872 1479 V
877 1445 911 1480 G
937 1445 1098 1490 genitrix
1122 1445 1240 1479 PTL
1263 1446 1267 1489 Ι
1290 1429 1410 1489 ΞἍΠἭ
1429 1444 1463 1479 V

155 1498 200 1529 34
226 1493 313 1528 mici
339 1493 395 1538 V!
417 1493 645 1538 permulcere
675 1492 749 1526 TL
773 1494 776 1537 Ι
800 1494 983 1527 senettam
1009 1493 1046 1527 P
1125 1496 1169 1527 35
1195 1493 1457 1536 quodqumque

114 1541 163 1575 V1
189 1541 433 1585 quodcunque
461 1540 535 1574 TL
632 1544 675 1574 36
703 1539 765 1574 abi
796 1539 831 1573 V
860 1541 864 1583 Ι
905 1540 998 1574 ceris
1029 1540 1061 1573 T
1129 1543 1199 1592 '37
1226 1551 1343 1584 nepus
1372 1539 1422 1573 Ps
1451 1546 1454 1584 Ι

107 1611 169 1645 bel
195 1621 260 1656 spe
292 1610 349 1655 V}
377 1621 491 1655 perge
525 1610 599 1644 VP
692 1614 736 1645 38
762 1610 801 1644 in
827 1621 892 1645 om.
917 1610 952 1643 P
973 1611 977 1654 Ι
999 1587 1205 1644 inuentibus
1238 1609 1274 1645 V
1306 1609 1457 1644 iuuena-

107 1658 204 1692 libus
233 1658 284 1692 PS
308 1657 532 1692 iuuenilibus
559 1656 635 1692 GL
660 1657 856 1692 iuuenibus
885 1657 918 1691 T
1013 1661 1056 1691 39
1083 1667 1150 1691 om.
1180 1657 1215 1690 P
1242 1656 1246 1702 Ι
1274 1656 1364 1690 uiris
1394 1656 1427 1690 T
1452 1662 1453 1693 Ι

107 1714 222 1764 sorita
247 1730 278 1773 (s
305 1729 367 1773 al.)
396 1728 431 1763 V
452 1728 583 1762 forsita
604 1727 636 1762 G
661 1727 785 1762 forsan
808 1728 841 1761 T
864 1729 902 1772 (n
927 1738 971 1762 ex
995 1739 1033 1761 m
1055 1728 1142 1771 μνη),
1168 1727 1202 1760 L
1226 1727 1230 1770 Ι
1253 1726 1401 1762 iusserit
1425 1726 1459 1761 G

107 1775 244 1810 iuxerit
265 1775 312 1810 V¹
338 1774 473 1810 uixeris
492 1775 524 1809 T
545 1774 692 1810 iusseris
711 1774 746 1808 L
770 1776 774 1819 Ι
797 1776 861 1809 aut
887 1774 933 1809 si:
962 1776 1026 1809 ‘rut
1052 1774 1081 1808 si
1106 1776 1148 1809 in
1167 1784 1239 1808 ras.
1257 1784 1326 1817 pro
1352 1773 1457 1808 annis

107 1827 149 1858 ut
173 1823 250 1858 uid.
278 1823 324 1858 al.
359 1822 394 1857 V
471 1826 516 1857 40
542 1823 608 1856 aut
634 1822 664 1856 si
690 1820 833 1856 inuidia
859 1823 937 1866 (aut
963 1822 993 1856 si
1019 1822 1100 1865 del.)
1131 1820 1188 1865 Vl
1210 1820 1350 1855 inuidie
1377 1822 1457 1863 (om.

109 1872 178 1913 est)
209 1870 271 1914 ΡΙ
305 1869 419 1914 spabo
450 1869 485 1903 P
509 1869 685 1914 spectabo
712 1869 747 1903 L
776 1869 780 1913 Ι
816 1868 1006 1903 fatiscent:
1034 1869 1046 1902 i
1072 1869 1112 1903 in
1140 1880 1157 1902 e
1184 1869 1231 1903 al.
1259 1878 1349 1902 corr.
1381 1867 1417 1901 V

107 1921 152 1952 42
180 1916 310 1951 ardua:
346 1928 364 1950 r
388 1917 480 1951 male
504 1927 570 1951 scr.
592 1927 654 1960 pr.
680 1926 770 1951 corr.
804 1916 840 1950 V
932 1920 975 1950 41
1004 1914 1199 1959 inmemor]
1229 1926 1249 1949 o
1273 1915 1366 1949 male
1390 1924 1456 1949 scr.

108 1965 155 1998 αῖ.
182 1974 272 1999 corr.
304 1963 339 1998 V
359 1963 554 1998 immemor
583 1963 659 1997 PZ
755 1967 798 1997 42
826 1963 950 2007 capias
979 1962 1051 1997 TG
1148 1966 1192 1996 43
1221 1973 1264 1997 ac
1290 1962 1327 1996 P
1357 1963 1362 2005 Ι
1397 1962 1459 1996 bia

114 2010 161 2045 V¹
185 2012 189 2054 Ι
222 2010 309 2054 quia
341 2010 386 2045 V¹
410 2011 415 2055 Ι
443 2011 499 2045 tui
524 2011 560 2044 P
648 2013 693 2044 44
719 2010 905 2054 prefectus
931 2009 1080 2054 genitor
1104 2008 1305 2052 proconsul
1334 2009 1366 2041 T

109 2061 152 2092 45
181 2058 424 2102 quodcunque
453 2057 525 2092 TL
554 2058 558 2102 Ι
587 2058 767 2093 subicitur
793 2058 834 2091 z'n
863 2057 933 2092 TG
960 2059 1055 2099 (cum
1081 2067 1184 2092 cruce
1209 2057 1250 2090 in
1275 2066 1387 2099 marg).
1413 2056 1457 2098 T)

109 2103 263 2149 Perlege
291 2105 537 2149 quodcunque
564 2107 620 2139 est
645 2104 885 2139 memorabile
911 2106 953 2138 ut
978 2104 1047 2138 tibi
1072 2103 1190 2148 prosit
1216 2103 1320 2146 (aller
1344 2103 1371 2144 f.
1397 2104 1459 2136 53r

108 2152 186 2194 ult„
213 2153 303 2186 alter
328 2152 354 2195 f.
382 2155 450 2187 531¹
469 2154 591 2196 primo
616 2153 657 2186 in
687 2152 731 2195 T)
817 2156 862 2186 46
888 2150 1018 2185 iliades
1044 2151 1081 2185 P
1162 2154 1205 2184 47
1234 2148 1459 2184 etuoluenda

109 2198 143 2232 L
174 2200 178 2243 Ι
209 2200 251 2233 tu
276 2209 342 2234 om.
377 2199 410 2232 V
432 2199 598 2243 flexuque
626 2198 753 2233 Heius.
852 2201 896 2232 48
924 2197 1118 2232 acentibus
1148 2197 1180 2230 T
1212 2198 1217 2239 Ι
1250 2196 1320 2230 hoc
1346 2195 1400 2228 fer
1428 2195 1461 2228 T

111 2244 200 2279 offer
228 2244 262 2280 G
334 2250 378 2280 49
405 2245 587 2291 adfectus]
620 2246 651 2279 V
685 2248 688 2289 Ι
723 2246 876 2291 inpone]
911 2245 945 2278 V
1015 2249 1059 2279 50
1085 2244 1230 2287 ignabit
1264 2243 1307 2276 V¹
1352 2241 1457 2285 igna-

110 2291 172 2326 uia
203 2291 250 2326 Ve
348 2296 390 2327 51
419 2293 603 2336 etquando
636 2293 670 2326 V
701 2293 844 2336 equ-ado
873 2292 909 2326 P
943 2291 1033 2326 haec
1060 2291 1207 2334 quando
1237 2290 1270 2323 Z
