1563 2511
692 560 805 602 XXI.

620 677 862 720 moneri

2 819 168 850 [ao-4⁶2]
426 799 463 844 P
501 799 540 844 E
579 799 620 845 R
653 763 679 844 ⁴1
718 799 753 845 o
793 799 826 845 o
865 798 912 844 Η
950 799 991 844 A
1030 799 1068 844 E

319 929 528 968 HOMERI
560 929 760 967 ILIADIS
793 930 861 966 ET
895 928 1167 967 ODYSSIAE.

476 1077 750 1124 <PERIOCHA
776 1076 992 1123 ILIADIS.>

158 1160 203 1203 Si
235 1161 469 1204 Homerum
506 1163 758 1217 scriptorem
791 1161 931 1203 Troici
964 1161 1066 1202 belli
1100 1164 1292 1216 eatenus,
1332 1177 1416 1216 qua

67 1220 250 1262 Iliadem
271 1236 392 1262 suam
412 1221 564 1275 incipit
585 1235 751 1275 quaque
772 1220 878 1273 finit,
903 1234 1242 1275 percenseamus,
1271 1235 1414 1263 orsum

68 1280 121 1321 ab
153 1279 375 1321 iracundia
403 1280 583 1322 Achillis
617 1280 670 1320 ad
697 1280 960 1333 sepulturam
986 1278 1184 1320 Hectoris
1212 1282 1416 1334 quattuor

67 1342 110 1379 et
141 1339 297 1394 uiginti
326 1339 458 1381 libros
486 1339 754 1380 contexuisse
787 1338 1136 1379 monstrabimus.
1187 1338 1291 1380 haec
1325 1340 1414 1381 eius

66 1397 228 1451 species
261 1400 440 1453 apparet
472 1412 683 1440 summam
717 1400 856 1438 cutem
888 1397 1014 1450 primi
1048 1397 1189 1451 operis
1218 1398 1412 1440 intuenti.
1441 1404 1460 1435 5

64 1455 224 1497 Verum
249 1457 331 1498 hoc
359 1457 593 1511 scripturae
621 1456 756 1511 ipsius
784 1460 954 1510 tempus
975 1455 1161 1497 Troiano
1189 1457 1302 1498 bello
1329 1471 1414 1498 non

65 1517 227 1569 totum,
260 1515 334 1556 sed
360 1530 495 1570 paene
522 1517 722 1557 ultimum
748 1516 840 1556 fuit.
890 1530 991 1556 nam
1019 1516 1054 1556 si
1086 1515 1197 1556 ratio
1223 1516 1416 1569 putanda

65 1576 141 1628 est,
169 1575 509 1640 oppugnationis
538 1574 734 1616 decennis
761 1588 898 1615 nonus
926 1573 1012 1614 fere
1041 1588 1191 1627 annus,
1217 1574 1414 1628 idemque

62 1647 196 1698 prope
234 1633 364 1674 finem
403 1634 486 1687 sui
526 1649 575 1674 ea
612 1633 786 1688 negotia
829 1632 1088 1685 continebit,
1126 1647 1232 1686 quae
1266 1633 1319 1673 ab
1352 1633 1413 1674 in-

63 1692 174 1732 iuria
204 1691 545 1746 Agamemnonis
578 1707 626 1734 ae
653 1691 858 1732 Briseidis
890 1665 1168 1745 usurpatione
1200 1706 1334 1745 usque
1361 1692 1413 1732 ad
1443 1699 1484 1729 10

62 1750 192 1791 funus
225 1750 426 1792 Hectoris
459 1751 590 1807 digna
622 1753 861 1792 memoratu
895 1750 1042 1803 <sunt:
1074 1750 1191 1804 non>
1225 1751 1306 1791 erit
1337 1750 1414 1791 illa

62 1811 306 1862 temporum
343 1810 491 1864 series,
531 1824 637 1864 quae
672 1810 724 1850 ab
757 1808 945 1850 eiusdem
977 1808 1078 1849 belli
1111 1809 1250 1850 causis
1284 1811 1412 1863 atque

64 1868 231 1922 origine
275 1869 497 1922 pertinent
542 1869 593 1910 ad
637 1868 757 1909 urbis
800 1868 1023 1909 excidium.
1094 1870 1220 1922 atque
1268 1882 1317 1909 ex
1362 1882 1411 1909 eo

63 1927 247 1979 eueniet⁷
291 1929 340 1968 ut
376 1928 538 1982 ignaris
577 1927 794 1968 iudicandi
833 1930 875 1967 et
913 1927 1107 1980 poeticae
1140 1926 1412 1968 oeconomiae

64 1986 309 2040 expertibus
354 1987 492 2027 multa
536 1986 698 2028 nobilia
742 1986 795 2027 ab
835 1985 1008 2026 exordio
1046 1985 1148 2026 belli
1186 1999 1320 2040 usque
1360 1985 1412 2026 ad
1441 1994 1481 2023 15

157 2137 265 2172 imscr.
293 2146 358 2171 om.
389 2137 425 2170 P
449 2138 531 2172 add.
564 2137 731 2181 Vyoletus
756 2148 800 2172 ex
824 2138 932 2171 inser.
953 2136 1147 2181 periochae
1172 2135 1355 2181 Odyssiae.
1442 2136 1483 2168 P

62 2186 82 2217 3
110 2185 268 2227 quatuor
294 2183 330 2217 P
400 2188 419 2218 6
446 2185 623 2229 temporis
651 2185 687 2218 P
758 2188 778 2218 9
805 2183 989 2219 eontrebit
1008 2184 1045 2218 P
1068 2183 1329 2228 (contremebit
1348 2182 1409 2226 Pe)

111 2234 155 2264 10
181 2231 397 2275 agameonis
419 2231 455 2266 P
528 2236 567 2266 11
596 2232 696 2267 sunt:
722 2242 797 2267 non
825 2231 895 2266 erit
921 2231 1051 2274 Peiper
1077 2230 1146 2266 erit
1167 2230 1202 2264 P
1221 2232 1225 2274 Ι
1247 2241 1321 2264 non
1346 2229 1411 2263 illa

63 2276 275 2312 Gronouius
374 2282 416 2312 14
449 2279 662 2314 economiae
690 2279 726 2313 P
824 2282 866 2312 15
900 2277 1115 2322 expertilius
1144 2278 1180 2310 P
