1563 2511
644 47 960 89 —374—

129 154 309 195 uulnera
361 153 602 195 sauciorum
652 156 717 208 et,
766 156 815 195 ut
864 154 1111 196 salutiferae
1162 155 1478 209 adponerentur

0 223 102 247 <XXV
129 213 338 254 medellae
371 215 497 267 atque
530 214 578 254 ut
609 227 696 254 non
728 216 978 268 cessaretur,
1010 214 1184 255 instare.
1233 214 1320 255 uidi
1353 228 1477 269 quos-

129 271 228 313 dam
272 271 543 313 fastidientes
589 271 731 313 cibum
774 274 818 313 te
862 273 1189 314 commendante
1231 273 1478 327 sumpsisse.
1497 286 1550 311 530

129 330 271 372 audiui
305 330 607 372 confirmantia
640 331 693 372 ad
726 331 908 373 salutem
934 332 1067 373 uerba
1098 332 1303 386 praefari,
1337 347 1478 374 occur-

126 404 220 431 rere
247 389 469 431 desideriis
497 390 783 444 singulorum:
809 390 935 432 huius
964 391 1154 432 sarcinas
1178 392 1306 432 mulis
1328 391 1478 433 aulicis

127 448 300 500 uehere,
332 448 399 491 his
420 449 632 503 ⁴specialia
656 450 849 491 iumenta
874 450 1096 503 praebere,
1127 450 1213 491 illis
1237 450 1479 492 ministeria

127 508 396 561 perditorum
429 508 672 550 instaurare
702 508 906 563 lixarum,
939 509 1120 550 aliorum
1148 512 1385 563 egestatem
1412 512 1478 551 to-

126 567 261 608 lerare
287 569 479 622 sumptu,
510 567 665 609 horum
690 567 932 609 nuditatem
960 568 1104 609 uelare
1131 568 1308 622 uestitu,
1335 569 1478 610 omnia
1498 581 1549 606 535

128 640 253 681 agere
296 626 506 667 indefesse
552 628 593 667 et
636 626 840 681 benigne,
884 627 1044 680 pietate
1084 628 1288 681 maxima,
1336 630 1477 669 osten-

127 685 292 727 tatione
318 686 453 739 nulla,
486 684 631 726 omnia
655 686 859 739 praebere
888 686 1046 740 aegris,
1077 686 1189 727 nihil
1217 687 1477 740 exprobrare

58 754 100 785 78
129 745 305 785 sanatis.
362 744 460 785 inde
499 743 661 785 cunctis
701 745 838 785 salute
870 747 1019 786 nostra
1051 745 1188 787 carior
1219 745 1358 787 factus
1391 760 1477 787 nie-

125 803 268 856 ruisti,
295 805 344 844 ut
369 802 550 844 haberes
578 803 738 844 amicos
766 803 988 858 obnoxios,
1014 807 1256 859 promptos,
1286 805 1477 858 deuotos,

124 861 284 914 fideles,
326 862 371 902 in
403 876 558 903 aeuum
591 876 715 904 omne
747 877 994 917 mansuros,
1034 863 1182 917 quales
1216 864 1371 905 caritas
1403 878 1476 918 po·
1497 876 1549 902 540

124 921 210 962 tius
245 935 375 975 quam
408 921 583 963 fortuna
616 921 826 963 conciliat.

56 990 97 1020 79
213 979 376 1022 XVIII.
424 978 687 1022 Concludam
719 980 917 1035 deinceps
952 981 1194 1023 orationem
1228 996 1386 1034 meam,
1418 982 1479 1036 pi-

124 1038 271 1080 issime
303 1039 517 1094 Auguste,
558 1040 767 1081 sermonis
811 1040 949 1095 magis
987 1040 1089 1094 fine,
1132 1055 1260 1095 quam
1299 1041 1478 1095 gratiae.

124 1112 308 1153 namque
350 1098 425 1139 illa
463 1101 671 1154 perpetua
711 1102 776 1140 est
809 1102 850 1140 et
883 1099 1024 1154 spatio
1057 1114 1145 1142 non
1177 1100 1478 1142 transmeabili

123 1158 357 1199 terminum
384 1157 513 1199 calcis
540 1159 724 1213 ignoifflat
772 1158 885 1200 flexu
916 1161 1061 1200 tamen
1093 1173 1239 1214 paruo,
1271 1173 1346 1200 nee
1379 1174 1404 1200 a
1434 1161 1476 1200 te
1497 1172 1548 1196 545

78 1217 290 1282 Oprocul,
323 1220 550 1259 conuertar
582 1216 634 1258 ad
669 1217 807 1259 deum.
870 1221 1039 1259 aeterne
1073 1219 1263 1260 omnium
1294 1218 1477 1285 geni-tor,

78 1252 217 1329 inse
260 1290 348 1318 non
394 1276 556 1330 genite,
602 1276 745 1330 opifex
791 1278 833 1318 et
877 1291 1005 1318 causa
1050 1277 1220 1331 mundi,
1263 1277 1476 1332 principio

126 1335 362 1389 antiquior,
406 1335 491 1376 fine
536 1310 798 1390 diuturnior,
845 1336 916 1390 qui
962 1336 1125 1390 templa
1170 1336 1249 1377 tibi
1295 1339 1337 1377 et
1381 1351 1476 1378 aras

123 1394 467 1447 penetrabilibus
494 1394 763 1436 initiatorum
791 1394 1007 1436 mentibus
1036 1395 1277 1449 condidisti,
1302 1397 1350 1437 tu
1374 1394 1477 1436 Gra-

123 1451 242 1494 tiano
263 1453 550 1495 humanarum
570 1469 713 1495 rerum
729 1454 901 1495 domino
923 1454 1133 1495 eiusmodi
1154 1455 1318 1496 semina
1336 1455 1475 1496 nostri
1495 1468 1547 1494 550

125 1512 282 1553 amoris
328 1513 521 1566 inolesti,
566 1516 614 1554 ut
658 1513 767 1553 nihil
807 1514 852 1554 in
891 1513 1087 1567 digressu
1127 1513 1298 1567 segnior
1335 1513 1475 1555 factus

123 1571 390 1613 meminisset
432 1574 474 1613 et
512 1572 670 1625 relicti,
714 1572 954 1613 illustraret
995 1573 1236 1626 absentem,
1280 1587 1477 1627 praesen-

122 1629 238 1671 tibus
278 1631 527 1686 anteferret3
568 1631 719 1672 deinde
759 1631 859 1686 quia
896 1631 1101 1672 interesse
1133 1632 1383 1686 primordiis
1416 1632 1476 1672 di-

123 1689 303 1742 gnitatis
342 1705 419 1744 per
456 1691 647 1732 locorum
686 1690 915 1732 interualla
953 1705 1042 1732 non
1079 1693 1269 1744 poterat,
1309 1690 1362 1732 ad
1394 1691 1476 1732 sol-

217 1820 284 1851 547
311 1817 447 1852 Paulus
474 1818 521 1852 ad
549 1817 712 1853 Corinth.
741 1819 756 1852 I
783 1822 815 1863 3,
846 1822 887 1852 16

219 1938 287 1969 528
319 1945 452 1979 appon.
479 1935 514 1968 Z
564 1908 567 1911 Δ
608 1939 675 1970 529
708 1935 889 1970 medellae
925 1935 1012 1970 TM
1106 1939 1171 1970 531
1205 1935 1366 1980 praefari
1395 1936 1481 1969 TM

123 1982 261 2026 profari
276 1982 309 2016 G
331 1984 336 2026 Ι
359 1983 573 2017 occurrente
590 1983 638 2016 M
710 1986 779 2017 534
805 1982 978 2017 tollerare
996 1983 1044 2016 M
1116 1987 1182 2017 537
1211 1982 1428 2028 exprobrare
1447 1983 1479 2017 T

172 2032 239 2064 539
265 2029 385 2077 <pntos
414 2030 463 2063 M
559 2032 636 2082 540ι
654 2029 816 2064 charitas
846 2030 878 2063 Τ
908 2029 1048 2064 karitas
1073 2030 1096 2071 f

218 2099 341 2134 XVIII
380 2104 446 2135 543
481 2085 654 2134 sermoniss
678 2100 710 2134 T
804 2103 874 2134 544
906 2110 1054 2143 nanque
1085 2100 1118 2134 T
1211 2103 1279 2135 546
1307 2099 1474 2135 OEterne

124 2146 169 2191 (O
196 2148 309 2182 mimo
334 2149 417 2192 scr.)
442 2147 475 2181 T
555 2151 622 2181 549
650 2147 943 2191 penetrabilibus
972 2148 1032 2190 Tf
1051 2147 1305 2191 penetralibus
1335 2148 1381 2181 M
1388 2148 1411 2181 ἑ)
1436 2147 1475 2181 in

124 2205 207 2238 pen.
235 2195 388 2230 Schenkl
485 2198 553 2228 550
578 2195 775 2228 humarum
805 2195 836 2227 Τ
934 2198 999 2228 551
1030 2194 1176 2228 molesti
1202 2194 1251 2228 M
1344 2197 1410 2228 552
1439 2196 1477 2228 et

130 2242 199 2276 TG
225 2253 291 2277 om.
320 2243 369 2276 M
440 2245 508 2276 553
536 2241 620 2276 deis]
650 2241 682 2275 T
706 2241 790 2275 dein
820 2241 907 2276 ΜΟ
936 2242 940 2286 1
973 2241 1114 2276 interoe
1142 2241 1186 2275 M
1260 2245 1328 2276 554
1354 2240 1475 2276 solen-

124 2289 282 2324 nitatem
313 2289 371 2333 Tf
397 2288 674 2325 solemnitatem
702 2288 751 2322 M

0 1214 100 1284 [XXSV
103 1215 117 1238 I
