1563 2511
631 112 683 117 —-
746 98 867 129 CXIII
932 112 980 117 -

236 193 417 225 mutatam
439 192 568 235 postea
582 191 763 235 conlegit;
784 191 848 225 sed
861 191 1068 227 inmutatae
1083 191 1326 228 dedicationis
1341 204 1460 227 exem-

232 239 335 283 plum
363 238 505 272 nullum
531 239 642 273 extat.
669 237 744 271 uid.
772 248 882 282 supra
906 250 941 282 p.
969 238 1027 283 V).

115 315 143 340 c.
175 303 257 341 390
310 302 465 340 altera
522 302 859 351 opusculorum
909 301 1297 341 Ausonianorum
1354 316 1459 342 con-

232 361 380 399 lectio
425 360 693 398 Theodosio
725 360 944 410 Augusto
982 361 1140 399 missa.
1182 364 1315 405 (Pi-aes.
1343 365 1359 399 Ι
1385 376 1459 400 1111:

232 413 460 449 Theodosius
480 415 586 458 pater
605 413 792 448 Romanus
812 413 1024 458 appellatur
1044 426 1077 448 u.
1100 418 1155 458 21,
1177 415 1266 450 deus
1285 428 1320 450 u.
1343 418 1397 450 15.
1416 436 1458 441 —

231 474 265 496 u,
293 465 330 496 9:
359 460 517 496 scribere
544 472 602 495 me
628 461 818 505 Augustus
844 461 948 496 iubet
973 462 1010 496 et
1035 472 1119 496 mea
1146 462 1310 497 carmina
1334 463 1458 508 poscit

229 519 346 552 paene
371 518 523 552 rogans3
550 520 584 543 u.
614 511 675 542 17:
702 507 791 551 quin
817 507 931 542 etiam
956 519 1031 543 non
1055 508 1155 543 iussa
1179 510 1313 555 parant
1339 520 1459 544 erum-

229 566 316 600 pere
360 555 498 589 dudum
541 554 720 589 carmina:
765 554 846 599 quis
884 554 979 590 nolit
1017 554 1181 590 Caesaris
1222 566 1301 590 esse
1338 556 1458 592 liber?

231 607 357 658 igitur
376 607 589 645 Fastorum
608 607 757 644 librum
777 609 816 644 et
837 606 1069 646 Gratiarum
1088 607 1298 646 Actionem
1319 611 1459 647 auctor

228 667 313 715 ipse
345 666 512 704 exclusit
545 668 604 711 (cf.
632 669 680 704 ad
706 680 738 704 a.
765 668 860 710 383).

113 734 196 775 389
231 737 331 776 ante
358 736 567 775 aestatem
593 733 838 775 Paulinus
864 733 1097 776 Barcinum
1125 734 1243 788 abiit,
1274 734 1457 776 uendere

227 792 380 846 incipit
423 793 598 846 praedia
643 807 719 834 sua
763 807 898 847 eoque
942 793 986 834 in
1031 792 1186 847 oppido
1226 792 1343 848 degit
1380 808 1457 848 per

228 865 361 893 annos
394 851 640 894 390—393.

109 922 224 964 390⁴?
245 921 318 978 (an
333 925 431 964 ante
447 937 480 964 a.
496 922 581 964 389
591 921 630 975 Ῥ)
653 921 897 963 Paulinus
918 921 1176 976 Burdigalae
1199 923 1453 977 baptizatus.

108 991 194 1033 392
225 991 626 1034 Valentinianus
653 991 876 1046 Augustus
903 1007 978 1046 per
1009 991 1298 1047 Arbogastem
1324 993 1454 1035 inter-

226 1052 361 1093 fectus
389 1057 507 1100 (Oros.
534 1057 603 1092 VII
624 1062 679 1101 35,
702 1062 755 1092 10.
788 1056 975 1091 Ambrosii
1002 1058 1046 1092 de
1073 1057 1176 1092 obitu
1196 1058 1455 1094 Valentiniani

227 1108 454 1152 consolatio).

109 1156 194 1198 393
226 1156 472 1199 Paulinus
504 1157 726 1211 presbyter
759 1156 933 1198 electus.

109 1215 194 1257 394
225 1217 353 1270 paulo
387 1218 486 1270 post
518 1215 606 1257 dies
639 1214 864 1269 paschales
896 1214 1145 1257 Paulinus
1177 1230 1254 1269 per
1286 1215 1452 1259 Gallius

227 1275 335 1317 abiit
367 1275 411 1316 in
442 1274 623 1316 Italiam.

107 1336 209 1374 inter
229 1349 262 1375 a.
285 1338 369 1376 390
385 1339 424 1375 et
439 1338 522 1375 393
544 1338 780 1386 quattuor
799 1335 1044 1386 epistulas
1065 1336 1265 1374 Ausonius
1286 1337 1453 1375 miserat

225 1396 281 1434 ad
324 1396 594 1434 Paulinum:
640 1407 760 1433 unam
804 1407 904 1444 quae
947 1407 1027 1433 non
1063 1395 1176 1433 uenit
1213 1395 1255 1433 in
1293 1395 1452 1434 Paulini

224 1468 376 1504 manus,
409 1456 576 1493 alteram
608 1466 707 1504 quae
739 1456 965 1503 temporum
995 1454 1141 1492 iniuria
1171 1454 1284 1492 nobis
1315 1457 1452 1504 erepta

223 1517 294 1564 est,
320 1515 480 1552 tertiam
508 1513 648 1551 deinde
675 1515 715 1551 et
744 1515 926 1562 quartam
954 1526 1050 1562 epp.
1078 1513 1249 1551 XXVIII
1278 1509 1446 1566 (XXIII)

223 1576 268 1611 et
299 1572 490 1610 XXVIIII
517 1568 684 1624 (XXV),
723 1572 773 1609 ad
812 1584 909 1621 quas
946 1572 1107 1609 tandem
1144 1572 1211 1609 ille
1244 1573 1441 1621 respondil

224 1634 376 1670 aestate
423 1644 455 1670 a.
502 1633 584 1669 393
631 1644 696 1680 ep.
740 1630 870 1669 XXXI
920 1625 1097 1681 (Paulini
1149 1643 1312 1680 operum
1361 1644 1440 1669 car·

221 1691 325 1728 mine
351 1687 423 1741 X)3
456 1690 637 1740 sequitur
668 1689 871 1727 Ausonii
903 1702 968 1738 ep.
994 1689 1147 1727 XXVII
1174 1685 1370 1742 (XXIIII)
1403 1703 1440 1728 e]

220 1749 381 1788 Nouaro
402 1762 504 1798 pago
527 1749 675 1798 scripta
695 1751 754 1792 (cf.
775 1764 809 1786 u.
831 1755 874 1786 79
896 1753 933 1785 et
953 1750 1023 1795 93),
1047 1749 1097 1786 ad
1117 1761 1237 1798 quam
1256 1748 1448 1786 Paulinus

222 1809 358 1846 eodem
385 1821 485 1846 anno
519 1810 610 1845 ante
644 1806 792 1845 Christi
823 1807 976 1844 natales
1008 1807 1213 1856 rescripsit
1245 1820 1308 1856 ep.
1339 1807 1449 1844 XXX

242 1880 374 1905 carm.
407 1867 462 1905 XI
487 1898 494 1905 .

104 1862 334 1964 388—(393
369 1862 624 1975 Epigtulae
664 1925 720 1963 ad
752 1925 987 1962 Theonem
1020 1925 1114 1962 XVI
1147 1928 1192 1962 et
1222 1925 1355 1974 XVII,
1390 1925 1446 1962 in-

219 1985 411 2023 uitatoria
437 1987 618 2035 utraque,
644 1983 813 2021 Axium
839 1984 1039 2021 Paulum
1063 1983 1239 2021 IIII—X
1267 1987 1325 2027 (cf.
1349 1986 1381 2020 V
1402 1991 1446 2021 40

221 2038 385 2074 Promoti
417 2038 519 2073 ducis
554 2059 597 2063 ——
632 2050 686 2082 ep.
714 2037 784 2071 1111
817 2038 854 2071 et
879 2037 962 2071 XVI
995 2038 1125 2073 eodem
1157 2049 1253 2072 anno
1287 2037 1446 2082 scriptae

218 2094 407 2129 uidentur:
446 2094 515 2128 IIII
548 2098 577 2128 5.
614 2098 656 2128 10
677 2109 721 2120 =
741 2092 826 2126 XVI
859 2097 914 2127 35.
942 2092 1029 2137 24),
1070 2089 1352 2127 Tetradillm
1390 2089 1446 2126 XI

221 2153 278 2193 (cf.
306 2166 339 2187 u.
370 2157 410 2187 11
438 2155 475 2188 et
502 2157 544 2187 25
566 2152 678 2198 sqqffl3
723 2161 840 2198 porro
880 2148 929 2186 ad
961 2149 1247 2198 Hesperium
1285 2148 1444 2185 filium

219 2208 353 2246 XVIII
392 2211 449 2252 (ex
482 2211 608 2246 multis
634 2211 789 2245 metrica
814 2212 960 2245 tantum
988 2211 1161 2255 epistolia
1186 2215 1336 2254 recepta
1362 2213 1445 2243 sunt

221 2265 257 2296 et
284 2263 456 2305 seruata).

218 2314 412 2352 Bissula
451 2317 490 2352 et
523 2314 668 2352 Cento
709 2314 845 2352 eodem
884 2326 983 2353 anno
1024 2315 1073 2353 ad
1105 2313 1274 2352 Paulum
1309 2311 1443 2358 missa,

172 2384 343 2411 Avsoxivs.
1137 2383 1159 2415 h
