1563 2511
571 96 620 102 ·-
685 85 797 114 LXIII
864 98 911 102 —-

140 180 183 212 65
209 176 310 211 Idem
342 177 419 210 MK
450 176 504 211 De
542 177 667 211 eadem
704 176 838 211 bucula
869 176 943 211 iam
975 178 1062 221 (iam
1088 188 1153 213 om.
1181 179 1215 223 χ)
1253 179 1413 214 habente

139 275 183 305 66
209 223 666 305 Ideleffipffinzggtgam-um
694 270 738 304 de
766 270 896 304 eadem
922 271 1059 305 bucula
1085 271 1143 317 Gx

138 322 180 352 67
208 317 309 351 Idem
335 318 373 351 M
398 317 451 352 De
478 317 608 352 eadem
634 317 796 360 Myronis
822 317 958 351 bucula
986 318 1044 362 Gx

171 365 230 411 [66
252 365 295 409 -Ι-
317 369 360 399 67
387 366 581 400 coniuncta
605 366 647 399 in
671 363 742 397 ΤΚ
767 365 972 399 rwbvicator
996 366 1038 400 in
1063 365 1091 398 T
1117 368 1321 413 sepawauz't]

138 415 181 446 68
207 411 308 446 Idem
335 411 414 445 MK
439 411 492 446 De
520 412 648 446 eadem
674 411 840 456 Myionis
867 413 1002 446 bucula
1029 411 1087 456 Gx

137 463 179 493 69
207 460 256 502 (u
285 463 304 493 6
332 461 417 503 0111.)
443 459 570 503 Spatio
595 459 718 494 relicto
744 459 873 494 titulus
898 470 963 494 om.
991 460 1032 493 in
1057 460 1121 494 ZT

138 509 182 540 70
208 505 266 540 Ad
303 505 411 550 Pyth
404 518 557 551 tgoram
595 506 639 540 de
668 505 796 540 Marco
831 506 893 549 qui
931 505 1125 541 dicebatui
1163 508 1321 552 pullaria
1351 507 1411 553 Θχ

278 552 332 587 De
359 552 531 597 opinione
557 552 776 597 picthagore
804 554 841 587 et
866 553 982 587 Maici
1007 565 1032 598 g
1058 565 1122 588 om.
1151 558 1226 589 cett.

118 604 183 634 120
210 599 263 634 De
280 599 432 634 Castore
448 600 617 635 fellatore
633 599 696 643 qui
711 611 813 634 suam
828 600 996 645 lingebat
1009 611 1162 635 uxorem
1178 601 1230 646 Gx
1250 613 1316 636 om.
1333 606 1409 637 cett.

462 647 519 692 [in
544 659 569 692 g
596 651 639 681 70
660 651 691 682 et
713 650 779 681 120
806 647 1017 693 coniuncta]

140 709 180 740 71
209 705 466 750 Subscriptum
488 705 718 786 (SZubscripta
740 705 791 750 Μ)
812 706 979 750 picturae
1001 705 1113 751 (picte
1133 707 1224 750 ΜΚ)
1245 707 1411 742 mulieris

278 754 328 787 im
358 753 487 788 udicae

65 803 88 842 ’ἷ-
140 803 181 834 72
211 765 424 845 (Voss.p22)
458 801 511 835 De
544 765 585 835 egb
622 800 686 844 qui
716 802 852 834 testam
884 799 1045 835 hominis
1080 800 1411 836 inmisericorditer

279 847 459 892 dissipare
492 847 613 882 uoluit
643 847 677 882 V
710 847 763 882 De
796 847 944 882 Achilla
977 848 1040 892 qui
1075 847 1250 883 dissecuit
1275 850 1410 884 testam

278 895 437 928 hominis
465 894 568 929 silice
596 895 654 938 Gz
680 906 744 929 om.
771 907 795 939 p
822 906 901 929 cum
927 898 1004 928 cett.

139 944 181 975 73
208 940 262 975 De
288 941 427 976 Alcone
453 942 596 976 medico
624 941 689 985 qui
715 941 950 986 haruspicem
969 941 1211 986 uaniloquum
1236 943 1326 977 fecit
1352 943 1410 987 Gx

278 999 343 1023 om.
371 992 445 1024 cett.

137 1039 180 1068 74
205 1035 259 1069 De
286 1035 393 1080 signo
420 1035 518 1070 Iouis
544 1036 645 1070 tacto
672 1036 719 1070 ab
744 1035 884 1070 Alcone
909 1035 1054 1071 medico
1083 1036 1141 1079 Gx
1167 1047 1234 1071 om.
1261 1040 1339 1072 cett.

63 1084 86 1123 †
138 1086 180 1116 75
207 1082 325 1126 (Voss.
347 1086 383 1125 4)
403 1083 445 1116 In
465 1082 672 1116 Eunomum
692 1082 876 1117 medicum
896 1082 929 1116 V
949 1082 1050 1117 Idem
1071 1082 1150 1116 MK
1168 1082 1222 1117 De
1243 1083 1409 1119 Eunomo

277 1129 340 1173 qui
367 1129 512 1163 dixerat
537 1140 690 1174 aegrum
717 1130 901 1173 quendam
926 1129 1145 1164 moriturum
1171 1130 1230 1174 Gx

113 1180 178 1210 123
201 1177 244 1220 -Ι-
269 1180 334 1211 124
360 1176 401 1210 In
434 1177 592 1220 (Eanum
627 1177 710 1211 add.
744 1175 819 1221 (ἐχ)
852 1175 1105 1221 ligurritorem
1139 1177 1162 1210 Z
1201 1178 1409 1222 [coniuncta

278 1228 344 1258 123
370 1228 403 1258 et
432 1228 498 1258 124
523 1225 564 1258 in
590 1223 667 1269 ZT]

114 1274 179 1304 125
201 1271 244 1315 -1-
268 1275 333 1305 126
360 1271 417 1305 Ad
438 1271 594 1305 eundem
613 1270 758 1305 Eunum
785 1271 883 1314 quod
903 1281 976 1305 non
997 1270 1090 1305 uelit
1116 1271 1230 1316 (quod
1255 1271 1350 1306 nolit
1375 1273 1410 1316 χ)

277 1318 368 1352 bene
400 1329 467 1352 nec
498 1318 594 1352 male
627 1318 726 1352 olere
760 1317 819 1362 Gx
845 1329 909 1352 om.
937 1321 1012 1352 cett.
1054 1318 1138 1363 [125
1172 1322 1203 1352 et
1238 1322 1301 1353 126
1329 1330 1410 1354 con—

276 1366 402 1400 iuncta
428 1366 469 1400 in
497 1365 577 1408 ZT,
604 1366 646 1400 in
671 1365 699 1399 Τ
726 1366 913 1409 separauit
938 1365 1161 1411 rubricator]

116 1416 181 1447 127
207 1412 265 1446 Ad
285 1411 429 1446 Eunum
449 1411 513 1455 qui
532 1411 655 1447 uxmis
676 1423 763 1446 suae
783 1411 937 1456 inguina
956 1411 1148 1447 lambebat
1168 1412 1226 1457 (ἐχ
1247 1423 1313 1447 om.
1331 1416 1410 1449 cett.

115 1463 181 1494 128
207 1459 249 1493 In
274 1459 524 1503 ligurritorem
550 1459 785 1504 pedagogum
810 1459 888 1493 ΜΚ
925 1459 982 1493 Ad
1002 1459 1146 1493 Eunum
1172 1460 1409 1505 pedagogum

278 1506 513 1552 liguritorem
540 1505 598 1551 Gz

138 1557 182 1587 49
209 1552 263 1587 De
294 1553 351 1588 his
384 1554 447 1598 qui
479 1554 606 1588 dicunt
639 1553 835 1589 reminisco
862 1554 960 1597 quod
985 1565 1059 1588 non
1085 1556 1141 1588 est
1165 1554 1324 1589 latinum
1351 1555 1380 1589 G
1389 1568 1409 1599 χ

277 1611 342 1635 om.
369 1612 393 1645 p
419 1612 499 1636 cum
525 1605 599 1636 cett.

138 1651 179 1682 77
206 1647 247 1681 In
268 1647 434 1692 Crispam
462 1647 665 1683 deformem
689 1648 722 1682 Κ
761 1648 817 1682 Ad
839 1648 1004 1692 Crispam
1033 1659 1126 1692 quae
1147 1660 1168 1683 a
1188 1649 1409 1692 quibusdam

279 1695 470 1729 dicebatur
495 1695 670 1730 deformis
698 1695 728 1729 G
737 1709 757 1739 χ
784 1706 847 1729 om.
876 1699 951 1730 cett.

137 1745 180 1776 78
208 1741 363 1783 Qualem
382 1741 475 1776 uelit
489 1742 625 1776 habere
646 1743 804 1776 amicam
819 1741 878 1786 Gx
906 1743 1026 1778 amica
1039 1742 1200 1787 iurgiosa
1214 1755 1238 1787 g
1252 1754 1316 1778 om.
1332 1747 1407 1778 cett.

137 1792 178 1824 79
205 1788 259 1822 Ex
285 1789 425 1824 Graeco
451 1789 560 1834 MKg
610 1789 781 1834 Cupidini
806 1801 829 1833 p
878 1789 932 1823 Ex
958 1790 1098 1824 Graeco
1124 1790 1335 1824 traductum
1361 1791 1408 1825 ad

277 1836 495 1879 Cupidinem
522 1836 552 1870 G

136 1886 179 1916 80
206 1883 307 1917 Idem
332 1882 365 1916 K
402 1883 436 1917 V
439 1883 540 1917 eneri
564 1895 587 1927 p
632 1883 686 1917 Ex
713 1883 853 1918 Graeco
880 1896 904 1928 g
948 1883 1005 1918 Ad
1032 1884 1187 1918 Dionem
1215 1885 1259 1918 de
1286 1896 1409 1919 amore

277 1941 342 1964 suo
370 1930 427 1973 (ἐχ
456 1930 583 1975 [totum
609 1941 752 1965 carmen
778 1941 842 1965 om.
871 1931 923 1976 M]

65 1979 88 2018 †
123 1980 164 2011 81
193 1976 393 2020 (Voss.15)
420 1976 473 2010 Ex
500 1977 640 2012 Graeco
668 1975 762 2022 αρχὴ
790 1976 832 2012 δέ
859 1991 913 2012 τοι
941 1975 1052 2022 ἥμισυ
1078 1975 1218 2018 παντὸς
1245 1978 1276 2011 V
1315 1980 1408 2013 idem

275 2026 348 2068 fere
373 2024 450 2057 ΜΚ
478 2025 529 2058 Ex
554 2025 694 2059 Graeco
720 2025 932 2059 tiaductum
965 2026 1012 2059 ad
1039 2024 1257 2069 Cupidinem
1291 2026 1321 2060 G
1355 2026 1408 2060 Ex

279 2071 418 2106 Graeco
445 2085 464 2115 χ
491 2082 556 2106 om.
582 2083 606 2115 p

63 2120 86 2159 ’ξ-
120 2120 163 2152 82
191 2118 311 2162 (Voss.
336 2119 391 2160 16)
419 2118 472 2152 Ex
500 2117 639 2153 Graeco
674 2115 697 2153 ἆ
724 2132 829 2163 χαρις
855 2117 878 2153 ἆ
906 2119 1123 2165 βραὸύπους
1148 2116 1279 2164 ἄχαρις
1305 2120 1409 2164 χάρις

274 2164 392 2199 VMG
436 2166 490 2199 Ex
517 2166 656 2201 Graeco
683 2166 748 2209 Kg
785 2177 850 2201 om.
877 2179 901 2211 p
928 2167 1064 2202 Vorazc.

63 2214 86 2253 †
120 2215 163 2246 83
190 2211 309 2255 (Voss.
341 2214 396 2256 17)
424 2212 478 2246 Ex
504 2214 634 2247 eodem
658 2212 724 2246 VZ
763 2225 827 2248 om.
854 2226 877 2258 p
906 2214 1040 2249 Vomu.

63 2261 85 2300 ’ξ-
119 2262 163 2292 84
189 2259 246 2304 [u.
269 2262 335 2293 3—
342 2263 363 2294 6
388 2260 478 2304 0m.]
505 2260 624 2304 (Voss.
648 2262 705 2304 18)
743 2260 796 2294 De
835 2272 877 2295 eo
917 2261 981 2305 qui
1020 2260 1226 2306 Capaneum
1269 2261 1408 2295 saltans

274 2307 346 2341 ruit
373 2306 405 2340 V
444 2308 561 2351 spatio
589 2308 710 2342 relicto
737 2309 790 2342 tit.
818 2319 882 2343 om.
912 2308 976 2342 ZT
