1563 2511
641 42 956 83 —271—

122 146 228 188 Padi
259 146 423 188 ruentis
455 147 620 201 impetu
651 147 900 197 torrentior,

121 204 282 259 Magna
314 219 491 246 sonorae
527 205 745 260 grandinis
778 205 822 245 ui
855 205 1042 259 densior,

121 263 328 305 Flammis
362 264 526 304 corusci
558 263 751 304 fulminis
785 264 1012 317 uibratior,
1446 276 1464 307 5

120 322 213 363 Iam
244 336 358 363 nunc
388 336 464 377 per
495 337 621 363 auras
654 321 800 363 Persei
830 322 1042 362 talaribus

120 380 361 435 Petasoque
394 380 494 421 ditis
528 380 717 422 Arcados
750 383 898 421 uectus
931 381 1042 421 uola.

122 438 167 480 Si
199 454 300 481 uera
329 440 445 480 fama
477 442 542 481 est
575 439 863 493 Hippocrene,
897 454 1026 493 quam
1057 439 1178 493 pedis

120 498 255 539 Pulsu
287 498 464 539 citatam
497 499 692 552 cornipes
724 498 838 538 fudit
869 498 1075 551 fremens,

120 557 202 611 Tu,
233 557 352 598 fonte
383 557 427 598 in
458 557 553 611 ipso
585 559 835 611 procreatus
869 557 1041 611 Pegasi,
1425 569 1466 601 10

120 615 288 657 Primus
319 630 531 657 nouorum
564 618 700 657 metra
731 616 910 657 iunxisti
942 615 1098 670 pedum

121 674 373 729 Sanctisque
405 674 542 716 Musis
575 675 897 716 concinentibus
929 689 1085 716 nouem

120 732 303 775 Caedem
336 734 379 774 in
413 734 608 775 draconis
642 734 869 775 concitasti
902 733 1085 775 Delium.

119 791 201 833 Fer
230 792 341 833 hanc
375 792 555 834 salutem
588 807 767 847 praepes
802 795 843 833 et
875 793 1117 846 uolucripes

118 850 290 892 Paulini
323 851 376 892 ad
407 866 541 906 usque
573 852 761 905 moenia,
793 850 1116 906 Hebromagum
1149 852 1319 906 loquor,
1425 863 1466 893 15

118 909 178 950 Et
210 911 424 964 protinus,
456 910 542 951 iam
578 911 613 951 si
645 910 876 964 resumptis
910 910 1072 951 uiribus

119 969 263 1010 Alacri
296 968 443 1010 refecti
476 969 668 1023 corporis
702 972 821 1011 motu
853 969 988 1023 uiget,

122 1026 294 1068 Saluere
326 1028 489 1069 iussum
522 1043 621 1070 mox
653 1043 828 1081 reposce
861 1031 1065 1068 mutuum.

118 1085 239 1127 Nihil
270 1087 449 1128 moreris
483 1087 670 1141 iamque,
704 1087 804 1128 dum
836 1086 1004 1140 loquor,
1038 1086 1144 1138 redi,

117 1145 319 1186 Imitatus
351 1141 474 1187 illum
507 1146 656 1200 stirpis
690 1148 906 1187 auctorem
938 1147 1054 1198 tuae,
1420 1157 1464 1188 20

118 1203 295 1258 Triplici
326 1204 539 1245 furentem
572 1204 644 1258 qui
676 1203 949 1246 Chimaeram
984 1203 1181 1244 incendio

118 1261 422 1316 Superuolauit
452 1265 570 1304 tutus
603 1264 702 1318 igne
735 1263 941 1316 proximo.

117 1321 197 1363 Dic
230 1321 286 1362 ‘te
318 1321 490 1372 ualere',
523 1322 606 1363 dic:
641 1321 821 1363 ‘saluere
853 1325 893 1362 te
926 1321 1045 1362 iubet

116 1381 292 1422 Amicus
326 1383 368 1421 et
400 1381 566 1422 uicinus
599 1383 641 1422 et
674 1381 816 1422 fautor
846 1383 964 1429 tuus,

117 1439 307 1481 Honoris
341 1441 507 1493 auctor,
540 1440 652 1481 altor
685 1439 847 1494 ingenii
880 1437 970 1480 tui.9
1422 1450 1464 1480 25

116 1497 197 1539 Dic
230 1500 272 1539 et
303 1498 526 1553 magister,
561 1498 627 1540 dic
658 1513 830 1552 parens,
863 1498 930 1539 dic
962 1498 1108 1539 omnia

116 1557 283 1598 Blanda
317 1560 444 1611 atque
477 1560 626 1599 sancta
659 1557 853 1598 caritatis
885 1556 1070 1598 nomina.

117 1615 324 1670 Haueque
358 1616 470 1657 dicto
504 1616 569 1657 dic
601 1616 716 1670 uale,
749 1618 940 1658 actutum
973 1618 1016 1656 et
1048 1615 1148 1656 redi.

212 1735 232 1766 8
260 1731 304 1766 cf.
331 1732 575 1767 Terentianus
605 1735 695 1767 1585
717 1744 795 1776 sqq.
824 1737 900 1774 (seu
926 1741 1016 1766 uera
1040 1742 1097 1765 res
1124 1733 1181 1766 est
1203 1759 1209 1765 .
1230 1759 1237 1766 .
1261 1733 1283 1777 .)

211 1830 233 1861 4
258 1827 396 1872 magnii
417 1827 504 1861 TM
526 1837 663 1871 magna
679 1825 713 1861 G
735 1827 739 1872 Ι
763 1836 894 1861 sonore
909 1826 942 1860 Τ
960 1828 965 1869 Ι
987 1825 1025 1860 ui
1046 1825 1208 1870 densior]
1229 1825 1418 1860 indensior
1435 1827 1468 1860 T

117 1876 137 1906 5
163 1873 319 1918 fulgoris
336 1874 385 1908 M
456 1877 475 1907 7
503 1874 684 1909 archados
700 1874 734 1907 Z
758 1874 796 1918 (h
816 1885 877 1918 pr.
902 1874 967 1908 del.
987 1873 1031 1917 T)
1055 1874 1060 1917 Ι
1082 1873 1222 1908 uectius
1247 1873 1280 1907 T
1300 1873 1471 1908 uetusM

117 1923 137 1954 8
163 1919 393 1965 hyppocrine
411 1921 502 1956 GM
523 1923 527 1963 Ι
549 1921 679 1965 peduis
698 1922 745 1955 M
819 1925 859 1955 12
883 1920 1103 1963 Sanctisque
1118 1921 1251 1965 Peiper
1276 1920 1418 1964 Hicque
1437 1921 1470 1954 T

116 1966 185 2003 hic,
212 1970 291 2013 (om.
320 1969 404 2012 que)
436 1968 485 2002 M
522 1968 583 2002 hic
616 1969 787 2012 quodque
823 1967 856 2002 G
902 1967 1054 2012 illicque
1086 1968 1250 2013 Scaliyer
1293 1968 1466 2010 idemque

117 2015 304 2050 Baehrens
340 2014 459 2059 iisque
486 2015 618 2050 How-tel
651 2018 655 2058 Ι
703 2014 1007 2050 concinnentibus
1038 2014 1071 2049 G
1171 2019 1212 2049 15
1239 2014 1363 2061 menia
1394 2014 1426 2048 T
1460 2015 1462 2060 Ι

116 2085 231 2121 hebro
258 2071 348 2131 tna}l
370 2086 403 2120 T
434 2085 730 2129 hebromagnum
758 2086 806 2120 M
835 2086 1103 2120 hebromanum
1132 2085 1165 2121 G
1193 2096 1282 2121 corr.
1304 2085 1467 2129 Scaliyer

167 2136 209 2167 18
237 2133 338 2168 salue
364 2132 524 2168 renisum
555 2132 588 2167 T
676 2137 717 2167 19
744 2132 878 2177 ianque
908 2133 941 2169 G
1032 2137 1074 2167 21
1104 2133 1315 2176 chymeram
1346 2131 1418 2166 TG

117 2183 161 2214 22
188 2181 288 2215 totus
317 2180 404 2214 TM
429 2181 531 2215 tutus
552 2180 585 2215 G
670 2184 714 2214 23
741 2179 808 2215 Dic
836 2180 888 2226 te]
916 2182 951 2214 te
979 2180 1142 2220 Schenkl,
1169 2181 1206 2214 et
1233 2179 1265 2213 G
1291 2189 1356 2213 om.
1379 2177 1467 2211 TM

165 2231 209 2262 25
237 2227 333 2262 alter
360 2228 409 2261 M
428 2229 433 2271 Ι
455 2227 581 2272 ingeni
608 2227 760 2262 Schenkl
834 2231 876 2261 27
905 2227 1097 2261 charitatis
1128 2227 1161 2261 T
1230 2229 1274 2260 28
1301 2236 1369 2260 aue
1398 2225 1431 2258 Z
1457 2226 1460 2269 Ι

119 2275 155 2309 et
181 2275 346 2309 actutum
374 2274 407 2308 Z
431 2285 520 2310 corr.
542 2274 738 2309 LMueller
