1563 2511
641 82 960 124 -243—

335 187 420 241 „Vt
452 188 622 241 genitor
653 187 877 242 Augustus
911 187 1026 228 dedit

337 245 532 300 Collegio
563 247 655 287 nati
686 245 893 299 Probum,

335 304 403 347 Sic
437 303 666 346 Gratianus
698 304 812 346 hune
842 318 1002 345 nouum

334 362 468 417 Stirpi
500 363 669 404 futurae
703 363 912 418 copulet.“

334 422 446 463 Rata
478 425 579 463 sunt
610 422 774 476 futura,
807 436 913 476 quae
943 422 1113 476 loquor:
1402 433 1468 464 100

335 480 403 522 Sic
436 481 590 522 merita
622 481 835 522 factorum
868 480 1029 522 iubent.

334 538 407 581 Set
439 539 525 580 iam
557 542 604 580 ut
635 540 836 594 loquatur
867 538 1021 594 Iulius,

335 597 469 640 Fandi
501 598 673 639 modum
707 599 845 640 inuita
878 598 1036 652 accipe,

332 656 588 711 Volueripes
621 657 842 712 dimetria,

333 714 541 770 Haueque
575 716 689 758 dicto
724 716 790 758 dic
823 717 931 757 nale.
1403 726 1468 757 105

49 855 127 880 xm
147 855 535 937 {408AZ1132ITIRHKJSVLVM
560 901 925 937 GRAMMATICVM
950 901 1270 937 TREVIRORVM
1297 901 1375 937 CVI

201 954 419 991 STRENAS
445 955 688 990 KALENDIS
714 954 964 991 IANVARHS
992 955 1053 990 AB
1080 953 1396 990 IMPERATORE

473 1008 577 1043 NON
601 1008 758 1043 DATAS
785 1008 936 1043 REDDI
962 1008 1114 1043 FECIT.

119 1103 288 1146 Primus
320 1105 493 1153 iucundi
524 1105 607 1146 fuit
638 1105 708 1146 hic
740 1105 820 1146 tibi
850 1104 1015 1146 fructus
1048 1105 1224 1147 honoris

178 1163 400 1218 Augustae
431 1164 622 1204 faustum
654 1178 808 1205 munus
840 1163 998 1205 habere
1030 1179 1195 1205 manus.

120 1221 346 1264 Proximus
380 1237 429 1263 ex
462 1223 593 1277 longo
627 1223 785 1277 gradus
820 1226 886 1264 est
918 1223 1158 1277 quaestoris
1194 1222 1319 1263 amici

179 1279 336 1322 Curam
368 1295 446 1334 pro
479 1282 634 1322 strenis
668 1281 917 1323 excubuisse
949 1282 1047 1322 tuis.

116 1339 236 1394 Ergo
267 1340 526 1394 interceptos
559 1340 705 1396 regale
736 1341 951 1381 nomisma
982 1340 1205 1394 Philippos
1445 1349 1465 1379 5

177 1399 335 1452 Accipe
366 1401 433 1440 tot
464 1414 659 1453 numero,
693 1402 797 1454 quot
829 1399 911 1440 duo
944 1398 1184 1454 Geryones3

119 1457 232 1506 Quot
262 1459 376 1498 terni
408 1458 575 1513 biiuges
609 1458 869 1512 demptoque
902 1459 1058 1499 triente
1093 1457 1304 1500 Camenae

177 1516 378 1570 Quotque
411 1531 538 1570 super
570 1520 727 1558 terram
763 1517 902 1558 sidera
933 1516 1113 1570 zodiaci3

119 1575 233 1624 Quot
265 1576 494 1616 commissa
526 1576 629 1616 uiris
662 1575 857 1616 Romana
889 1576 1143 1630 Albanaque
1174 1574 1268 1616 fata

179 1633 375 1688 Quotque
409 1635 532 1675 doces
566 1634 683 1676 horis
716 1638 901 1688 quotque
934 1634 1050 1676 domi
1082 1634 1259 1687 resides3
1422 1644 1465 1675 10

212 1761 297 1795 XIII
324 1766 344 1796 5
369 1761 495 1796 Horat.
523 1760 590 1805 Ep.
618 1760 652 1794 II
680 1765 710 1804 1,
739 1765 808 1796 234

212 1883 255 1915 98
282 1879 446 1924 futurae]
473 1879 642 1914 fortunae
673 1878 706 1913 G-
805 1883 870 1913 101
902 1878 1084 1914 factorum
1114 1879 1244 1923 Peiper
1283 1880 1320 1914 et
1345 1879 1464 1914 fatum

117 1928 150 1961 Z
174 1927 240 1969 (sic
266 1926 384 1961 fatum
409 1926 614 1969 Amantius,
643 1937 712 1970 que
738 1927 776 1961 et
800 1926 918 1961 fatum
945 1926 1109 1969 Schenkl)
1139 1928 1144 1970 1
1171 1926 1276 1962 iubet
1302 1927 1336 1960 Z
1358 1926 1463 1961 iubet

120 1974 240 2009 Paris.
341 1977 407 2008 102
434 1974 515 2019 sed]
543 1973 595 2008 sic
625 1973 657 2007 T
753 1977 819 2008 104
858 1972 1085 2018 uolucripes:
1127 1984 1142 2007 s
1175 1974 1215 2008 in
1247 1986 1271 2008 n
1297 1975 1343 2009 αῖ.
1371 1984 1460 2009 corr.

117 2021 149 2055 T
246 2024 312 2056 105
338 2031 406 2056 aue
434 2021 468 2054 Z
488 2023 492 2065 Ι
515 2021 596 2056 finit
621 2021 707 2056 add.
732 2021 781 2055 M

209 2079 294 2113 XIII
319 2080 555 2115 Treuirorum
583 2079 673 2114 TM
695 2090 760 2115 om.
789 2079 822 2114 G
844 2081 848 2124 Ι
871 2079 930 2114 eui
955 2080 1129 2125 Lugyczun.
1157 2079 1259 2114 ouius
1287 2080 1321 2113 Z
1341 2081 1346 2123 Ι
1368 2080 1459 2114 Kl'is
1481 2082 1517 2114 Z

117 2126 149 2161 T
176 2127 259 2161 Kal'
286 2127 319 2162 G
341 2128 346 2171 Ι
369 2140 439 2162 mn.
465 2127 497 2161 T
526 2126 711 2161 ianuarias
732 2126 766 2162 G
785 2128 796 2172 ΙΙ
817 2131 834 2161 1
861 2127 1010 2162 iocundi
1032 2128 1079 2160 M
1102 2127 1259 2161 mdundi
1286 2126 1318 2161 T
1338 2126 1343 2172 1
1366 2127 1461 2161 foret

115 2174 149 2208 Z
170 2173 241 2209 fuit
259 2174 460 2216 Amantius,
485 2175 566 2209 fuat
593 2174 625 2208 T
625 2174 672 2209 oll
755 2179 774 2209 2
802 2176 842 2208 in
868 2185 979 2218 mars).
1001 2175 1044 2219 -}—
1073 2174 1106 2207 T
1183 2179 1203 2208 4
1230 2185 1318 2208 cura
1345 2173 1430 2207 TM

114 2221 296 2266 prostenis
324 2221 357 2256 T
438 2227 458 2256 5
486 2221 669 2256 numisma
696 2221 728 2255 T
735 2221 768 2256 G
853 2226 872 2256 6
900 2221 1068 2266 gei-iones
1095 2221 1130 2254 Z
1211 2225 1228 2254 7
1257 2221 1366 2255 dente
1386 2220 1436 2254 M

116 2279 289 2304 camoene
312 2269 344 2303 T
437 2273 458 2304 8
485 2279 553 2312 que
580 2279 646 2303 om.
675 2269 723 2302 M
744 2276 747 2305 ῑ
771 2269 901 2312 sydera
930 2267 963 2302 G
986 2270 990 2310 Ι
1013 2267 1152 2303 zoadici
1174 2268 1222 2302 M
1315 2271 1333 2301 9
1361 2266 1461 2307 facta

117 2318 190 2360 (pr⁴
219 2327 237 2351 c
264 2317 345 2361 del.)
373 2315 405 2350 T
501 2319 544 2350 10
570 2326 640 2359 que
667 2316 855 2360 utrobique
879 2326 945 2350 om.
973 2315 1021 2348 M

1174 2372 1245 2407 16*
