1563 2511
129 146 388 202 Argyripam
421 146 642 200 clarosque
674 146 780 187 uiris
814 147 886 200 qui
918 147 1110 189 condidit
1142 147 1301 202 Arpos:

129 205 295 248 Clarior
325 206 429 246 urbe
461 219 593 259 noua,
624 204 790 259 patriae
823 219 952 259 quam
984 206 1080 247 sede
1113 210 1294 248 uetusta.

57 346 129 379 [224]
610 331 680 365 VII
717 331 995 367 ANTILOCHO

127 416 331 459 Consiliis
363 416 562 470 belloque
593 416 751 471 bonus,
783 430 890 471 quae
923 417 1077 470 copula
1108 431 1203 458 rara
1238 422 1320 471 est,

186 474 320 517 Carus
355 478 396 517 et
427 475 611 529 Atridis,
644 489 767 516 carus
801 478 844 516 et
874 475 1090 517 Aeacidis:

124 534 323 575 Praemia
354 534 525 575 uirtutis
559 534 685 575 simul
718 537 761 575 et
791 534 968 587 pietatis
1002 534 1200 588 adeptus,

185 592 364 635 Seruato
396 592 654 634 Antilochus
687 592 872 635 Nestore
904 594 1028 646 patre
1061 593 1161 634 obii.

124 651 225 694 Non
256 652 325 694 hio
357 655 459 693 ordo
490 650 593 693 fuit:
628 654 693 693 set
724 651 878 693 iustius
910 652 981 693 ille
1014 654 1247 707 superstes,
1452 665 1471 695 5

180 711 308 752 Troia
339 711 433 765 capi
467 711 557 752 Sine
589 725 671 765 quo
704 710 867 765 perfida
897 725 985 752 non
1016 714 1198 765 poterat.

49 850 125 882 [225]
637 837 726 872 VIII
750 836 960 872 NESTORI

120 921 213 963 Hoc
245 925 369 977 tegor
401 922 445 963 in
475 922 642 964 tumulo
676 923 817 976 quarti
849 922 935 963 iam
968 922 1172 978 prodigus
1206 925 1301 965 aeui

178 980 357 1035 Nestor,
389 981 566 1022 consilio
601 981 739 1022 clarus
773 985 815 1021 et
849 981 1029 1035 eloquio.

120 1038 290 1082 Obieeit
322 1055 413 1081 sese
446 1041 563 1082 ouius
595 1054 673 1093 pro
706 1042 843 1081 morte
876 1042 1125 1094 peremptus

179 1098 314 1140 Filius
348 1102 390 1140 et
420 1100 512 1140 nati
545 1099 720 1140 uulnere
751 1099 851 1140 uiuo
882 1102 1018 1152 pater.

118 1157 240 1199 Eheu
272 1171 346 1199 eur
376 1157 477 1199 fatis
511 1157 738 1211 disponere
771 1157 831 1198 sio
862 1157 1005 1210 placet
1038 1172 1209 1211 aeuum,
1447 1171 1467 1201 5

178 1215 286 1257 Tam
318 1217 498 1271 longum
529 1219 578 1258 ut
608 1216 753 1270 nobis,
784 1218 874 1257 tam
907 1216 1037 1257 breue
1070 1220 1116 1257 ut
1145 1217 1408 1259 Antilooho?

48 1345 120 1376 [226]
630 1330 737 1366 VIIII
761 1330 959 1366 PYRRHO

177 1415 289 1457 Orbe
320 1419 447 1471 tegor
478 1416 634 1470 medio,
667 1406 804 1458 maior
836 1417 1000 1458 uirtute
1033 1419 1231 1471 paterna,

237 1474 358 1524 Quod
389 1489 494 1529 puer
525 1478 568 1516 et
597 1477 711 1530 regis
744 1474 936 1530 Pyrrhus
970 1477 1113 1530 opima
1144 1476 1235 1517 tuli.

117 1590 185 1624 VII
210 1590 311 1634 Pepl.
340 1594 382 1624 11
430 1587 514 1625 Ἐπὶ
535 1588 739 1635 Ἀντιλόχου
767 1589 943 1635 κειμένου
972 1587 1012 1625 ἐν
1041 1592 1168 1636 Τροίη.

282 1635 416 1693 Μνῆμ’
442 1634 578 1692 ἀρετῆς
602 1636 687 1672 υἷοῦ
715 1639 779 1672 τοῦ
807 1637 1013 1682 Νέστορος,
1037 1635 1271 1694 Ἀντιλόχοιο,

329 1680 370 1725 ὃς
394 1682 518 1719 θάνεν
545 1683 586 1720 ἐν
616 1686 729 1731 Τροίῃ
755 1683 964 1730 ῥυσάμενος
989 1683 1143 1728 πατέρα.

117 1743 202 1778 VIII
230 1743 342 1777 Anth.
369 1743 486 1778 Palat.
514 1743 583 1777 VH
612 1747 695 1778 144:
743 1741 960 1778 Ἀὃέσποτον

347 1787 533 1834 Ηδυεπὴς
559 1791 714 1833 Νέστωρ
742 1789 881 1830 Πύλιος
907 1788 1073 1835 Νηλήιος
1098 1787 1195 1835 ἥρως

401 1835 441 1873 ἐν
469 1836 580 1872 Πύλω
607 1834 757 1883 ἠγαθέῃ
785 1835 925 1884 τύμβον
953 1838 1030 1882 ἔχει
1055 1837 1244 1883 τριγέρων.

1111 1885 1154 1920 cf.
1180 1885 1281 1931 Pepl.
1309 1891 1328 1921 9
1357 1888 1394 1921 et
1424 1890 1465 1921 10

213 1993 233 2023 3
261 1989 463 2034 argiripam
488 1989 545 2034 Vl
568 1991 654 2036 que]
682 2003 726 2025 ue
753 1991 903 2026 Schenkl
976 1995 997 2026 4
1025 2002 1096 2036 qua
1121 1991 1156 2026 V
1177 2003 1266 2028 com·-
1290 1992 1463 2038 Luydzm.

120 2037 123 2082 1
153 2039 324 2071 uetustae
351 2038 538 2072 Heinsius.

211 2095 279 2129 VII
328 2100 348 2130 2
378 2096 531 2131 atrideis
563 2096 619 2140 Vl
642 2096 826 2131 aeacideis
858 2097 892 2131 V
996 2101 1018 2131 4
1043 2099 1172 2143 patrae
1203 2097 1249 2133 V1
1359 2102 1379 2132 5
1407 2109 1463 2131 su-

117 2143 259 2187 prestes
284 2142 330 2176 V¹

212 2201 298 2236 VIII
323 2206 343 2236 2
371 2200 545 2246 aeloquio
576 2202 611 2235 V
721 2206 740 2237 3
771 2201 924 2247 obiecit]
948 2203 975 2248 (i
1000 2205 1106 2247 eras.)
1139 2203 1194 2248 Vl
1216 2204 1402 2248 peremtus
1435 2203 1469 2237 V

212 2259 317 2294 VIIII
341 2273 443 2295 mmzo
475 2260 510 2294 V
595 2265 616 2295 2
642 2262 762 2306 pirrus
792 2261 827 2295 V
