1563 2511
631 61 952 102 —133—

117 166 201 207 Hic
231 166 384 207 habuit
417 164 580 206 decimo
614 165 829 207 celebrata
860 166 1080 207 uolumine
1111 166 1269 209 Marcei

117 224 383 278 Hebdomas,
415 223 485 265 hic
517 224 622 265 clari
652 223 827 278 uiguere
859 223 1115 266 Menecratis
1148 235 1262 267 artes

116 285 258 338 Atque
289 282 450 337 Ephesi
483 284 675 336 spectata
706 297 858 324 manus
890 283 959 323 uel
992 283 1037 324 in
1070 298 1165 325 arce
1196 284 1416 327 Mineruae

117 342 299 397 Ictinus,
330 342 497 396 magico
531 341 599 383 cui
629 345 787 383 noctua
817 341 975 395 perlita
1006 342 1103 383 fuco

117 401 281 442 Adlicit
313 415 438 442 omne
471 413 605 455 genus
636 400 833 442 uolucres
865 399 1120 454 perimitque
1153 401 1322 444 tuendo.
1395 413 1463 444 310

118 458 325 503 Conditor
355 459 426 501 hic
458 459 605 501 forsan
637 459 768 500 fuerit
799 458 1093 500 Ptolomaidos
1126 459 1249 500 aulae

116 518 401 573 Dinochares,
435 518 642 572 quadrata
675 517 742 559 cui
773 518 815 558 in
848 518 1027 572 fastigia
1059 532 1166 559 cono

118 577 265 633 Surgit
297 580 340 619 et
370 575 466 632 ipsa
498 591 595 619 suas
628 577 844 618 consumit
874 576 1066 632 pyramis
1099 576 1291 631 umbras,

116 636 264 678 Iussus
298 637 352 678 ob
385 637 539 678 incesti
572 636 644 691 qui
675 635 891 691 quondam
922 635 1072 677 foedus
1106 636 1263 677 amoris

116 696 335 737 Arsinoen
365 695 515 736 Pharii
548 695 771 750 suspendit
802 695 847 736 in
880 709 974 736 aere
1006 695 1169 749 templi.
1397 706 1464 736 315

118 753 263 808 Spirat
294 755 408 796 enim
440 754 544 796 tecti
575 754 790 795 testudine
821 754 940 795 uirus
973 753 1147 794 acha-tes

115 813 418 868 Adfiatamque
451 813 586 855 trahit
616 813 777 854 ferrato
811 813 927 854 crine
959 812 1163 866 puellam.

117 872 210 914 Hos
244 886 345 927 ergo
379 875 453 913 aut
484 872 640 914 horum
674 871 835 913 similes
868 874 933 912 est
965 871 1134 912 credere
1168 871 1345 926 dignum

116 930 349 985 Belgarum
381 931 425 971 in
457 931 584 972 terris
617 945 792 972 scaenas
825 930 1022 984 posuisse
1054 929 1296 984 domorum,

116 990 293 1031 Molitos
326 990 459 1032 celsas
491 990 612 1031 fluuii
645 989 921 1031 decoramina
952 989 1092 1030 uillas.
1397 999 1465 1031 320

118 1048 237 1091 Haec
270 1052 334 1091 est
364 1052 520 1090 natura
554 1049 748 1090 sublimis
781 1048 826 1089 in
859 1061 1015 1102 aggere
1049 1047 1158 1101 saxi,

212 1181 278 1211 311
313 1176 433 1219 „Audi
468 1178 663 1220 praeterea
699 1176 798 1219 quod
832 1174 985 1209 mireris
1042 1174 1211 1209 Treberis
1244 1176 1300 1208 est
1334 1174 1466 1209 ciuitas

118 1223 262 1259 Galliae
294 1223 442 1265 nobilis,
468 1224 531 1258 ubi
559 1222 711 1258 Senecio
745 1222 913 1266 quidam,
947 1222 1049 1256 cuius
1082 1221 1246 1266 hospitio
1272 1232 1359 1256 usus
1386 1233 1467 1256 sum

117 1283 183 1316 per
211 1275 252 1306 12
281 1270 376 1314 dies,
408 1271 446 1304 in
479 1270 655 1305 suburbio
688 1270 851 1304 ciuitatis
883 1269 1039 1304 ferream
1065 1269 1267 1313 imaginem
1293 1268 1467 1303 Mercurii

117 1318 281 1353 uolantis
318 1319 446 1362 magni
483 1317 657 1362 ponderis
696 1317 860 1352 ostendit
896 1316 935 1350 in
973 1327 1058 1350 aere
1097 1316 1330 1361 pendentem.
1388 1316 1469 1350 erat

118 1367 243 1400 autem
268 1376 434 1410 magnes,
459 1367 502 1399 ut
527 1366 662 1409 hospes
687 1363 788 1398 idem
812 1363 906 1398 mihi
933 1362 1107 1405 ostendit,
1135 1374 1245 1408 supra
1268 1362 1307 1396 in
1325 1361 1467 1397 fornice

116 1412 279 1457 itemque
316 1413 356 1446 in
392 1412 624 1458 pauimento,
663 1423 820 1456 quorum
856 1410 1036 1445 naturalis
1075 1411 1131 1444 uis
1165 1422 1183 1444 e
1216 1410 1368 1454 regione
1402 1420 1468 1443 sua

118 1459 217 1506 <sibi
249 1461 384 1494 ferrum
417 1459 552 1495 asciuit
583 1458 738 1505 sicque>
768 1458 905 1493 serrum
938 1457 1068 1502 ingens
1096 1457 1202 1501 quasi
1229 1456 1403 1491 dubitans
1429 1457 1468 1490 in

118 1518 202 1542 aere
234 1507 414 1542 remansit
433 1535 440 1542 .
464 1534 471 1541 .
493 1510 526 1541 .“
583 1506 703 1541 Galba
734 1506 866 1540 Viator
898 1505 1061 1539 Luciano
1099 1504 1287 1548 sophistae
1321 1503 1468 1547 (Annal.

118 1553 398 1589 Treuerensium
423 1553 677 1596 continuator,
704 1553 810 1587 Pertz
838 1552 887 1586 SS
914 1551 999 1586 VIII
1028 1555 1107 1596 146,
1136 1553 1300 1595 12—17).

213 1676 282 1707 306
320 1671 397 1718 hic]
436 1671 523 1706 hinc
561 1671 775 1714 Pabnavmzfl
805 1669 996 1705 uolumine
1023 1669 1056 1704 G
1093 1669 1286 1703 uolumina
1310 1668 1433 1703 RBL
1463 1669 1467 1714 Ι

118 1719 236 1755 Marci
265 1720 455 1754 Pulmaom
479 1718 622 1763 margei
649 1718 725 1753 GR
749 1728 830 1751 mar
856 1718 935 1760 (litt.
964 1716 1025 1762 gei
1051 1717 1241 1759 abscissae)
1267 1715 1304 1750 R
1328 1717 1470 1760 mergei

118 1767 170 1811 L,
202 1768 254 1803 sic
283 1766 428 1811 Margei
460 1766 562 1800 CIL
587 1765 616 1799 I
635 1768 731 1801 1014
763 1767 818 1808 (at
849 1764 988 1799 Marcei
1021 1767 1131 1806 1013)
1227 1766 1296 1797 307
1328 1762 1468 1797 hebdo-

118 1814 248 1849 madas
273 1814 310 1848 B
336 1813 563 1849 ebdomadas
589 1813 623 1847 L
658 1815 663 1858 Ι
696 1813 783 1847 hinc
809 1812 997 1846 Pulmcmn
1025 1813 1029 1855 Ι
1063 1811 1297 1845 menecratos
1324 1823 1350 1843 ω
1377 1820 1469 1844 corr.

119 1861 280 1906 Scaliger
371 1864 440 1897 308
465 1860 542 1906 uel]
570 1860 641 1895 tibi
666 1860 701 1894 L
723 1859 727 1904 Ι
749 1860 788 1893 in
813 1859 914 1904 arce]
942 1869 1065 1893 marce
1091 1858 1126 1892 L
1212 1861 1279 1892 309
1306 1857 1470 1891 hictinus

119 1908 242 1944 RBL
261 1908 429 1944 Bictinus
450 1908 483 1944 G
505 1911 510 1952 Ι
534 1907 604 1943 lcui
631 1906 787 1951 lmagico
805 1906 932 1941 noctia
950 1906 986 1940 R
1008 1906 1013 1950 Ι
1036 1906 1119 1940 faco
1139 1905 1188 1940 L⁵3
1262 1908 1330 1939 310
1351 1903 1471 1938 allicit

121 1969 147 1989 ω
222 1960 289 1991 311
318 1955 498 1991 Conditor
522 1956 608 1990 mai.
636 1955 703 1989 litt.
730 1955 811 1989 init.
836 1952 870 1988 G
892 1953 897 1999 Ι
919 1953 1005 1987 hinc
1029 1952 1062 1987 G
1084 1954 1089 1996 Ι
1111 1951 1343 1997 ptolomaido
1366 1951 1399 1985 G

121 2007 187 2037 312
215 2002 412 2048 quadrata]
439 2003 580 2047 quadra
608 2000 642 2036 G
667 2001 807 2046 quadro
827 2001 863 2035 R
889 2001 1027 2047 quadre
1046 1999 1083 2034 B
1110 1999 1220 2034 cedro
1239 1999 1273 2033 L
1296 2000 1301 2042 Ι
1324 1997 1383 2032 cui
1402 2008 1468 2032 om.

120 2050 155 2084 L
177 2052 182 2095 Ι
205 2050 264 2085 cui
289 2050 472 2094 quadrata
490 2050 685 2095 Boeclcinffi
712 2049 770 2083 cui
798 2047 979 2092 quadrato
1001 2047 1185 2091 Goropius
1207 2048 1211 2090 Ι
1235 2046 1352 2080 chono
1368 2055 1427 2088 pr.
1449 2055 1470 2078 0

121 2109 164 2132 ea:
189 2110 214 2132 u
238 2097 289 2131 R*3
315 2109 427 2132 conor
452 2098 487 2132 L
585 2100 652 2132 313
678 2096 759 2141 ipse
785 2096 819 2130 L
842 2097 846 2140 Ι
870 2106 955 2130 suos
980 2095 1016 2130 R
1113 2097 1181 2129 314
1208 2093 1254 2127 ab
1281 2092 1314 2127 L
1337 2094 1342 2136 Ι
1364 2091 1469 2138 fedus

121 2143 172 2179 RS
251 2148 319 2179 315
345 2144 486 2189 phariis
512 2144 548 2179 R
625 2147 693 2178 316
719 2143 821 2178 uirus
849 2143 980 2186 Peiper
1006 2142 1137 2176 chorus
1165 2140 1283 2174 GBL
1308 2140 1408 2174 totus
1434 2136 1471 2171 R

123 2202 228 2227 corus
249 2192 423 2238 Luydun.
498 2195 565 2227 317
592 2191 758 2227 afflatam
778 2204 805 2224 ω
829 2192 833 2234 Ι
856 2189 997 2230 trhahit
1017 2189 1051 2224 G
1073 2198 1076 2228 Ι
1101 2188 1221 2223 serato
1242 2187 1278 2221 Β
1297 2185 1420 2236 ferato·
1436 2184 1471 2218 L

171 2242 238 2274 318
263 2239 340 2273 Hos
366 2241 451 2274 mai.
477 2240 560 2274 init.
588 2240 655 2275 litt.
686 2237 719 2272 G
791 2241 860 2272 319
887 2247 1015 2271 scenas
1043 2250 1070 2270 ω
1145 2237 1213 2269 320
1241 2234 1471 2267 decoramine

123 2285 199 2320 BL
298 2290 364 2320 321
393 2287 469 2322 stat
494 2286 696 2322 Illarlclaml
718 2287 722 2328 Ι
750 2286 883 2319 natura
909 2297 935 2317 ω
963 2283 1082 2318 natiui
1108 2281 1276 2326 Lugydzcn.
