1563 2511
590 62 908 103 —481—

214 165 485 209 profluere..
512 164 694 199 uidentur.
725 164 951 209 Augustinus
973 176 1028 210 ep.
1053 169 1107 208 27,
1129 169 1148 199 2
1170 166 1244 210 legi
1269 166 1414 201 litteras

214 213 297 246 tuas
323 212 475 246 fluentes
502 211 560 245 lac
587 213 624 246 et
648 211 733 245 mel.

141 261 189 293 36
215 271 265 303 sq
300 257 425 292 Cicero
453 270 532 311 ‘pi-o
564 258 716 293 Fonteio
749 262 809 292 39:
848 259 907 311 (de
944 259 1076 293 Pisone
1113 259 1261 304 Frugi):
1300 259 1331 294 is
1365 259 1422 294 uir

215 316 324 349 quem
343 315 389 339 ne
409 304 581 339 inimicus
602 305 751 349 quidem
777 305 866 339 satis
894 305 932 339 in
959 305 1183 350 appellando
1211 306 1418 351 significare

213 353 378 397 poterat,
404 352 476 386 nisi
508 354 592 386 ante
618 351 824 394 laudasset3
859 352 922 395 qui
954 363 1026 386 uno
1053 353 1272 397 cognomine
1299 353 1420 388 decla-

214 399 366 434 rabatur
391 410 465 433 non
491 398 601 433 modo
622 398 703 442 quis
724 400 834 441 esset,
863 398 927 433 sed
948 399 1061 433 etiam
1082 400 1203 443 qualis
1231 402 1327 435 esset
1349 426 1358 434 .
1380 427 1388 434 .
1410 426 1418 433 .

214 445 364 490 Vopisci
390 445 497 481 Prob.
522 449 560 489 4,
588 449 608 480 3
636 446 804 490 (Probus)
832 448 887 480 est
912 445 1129 480 adulescens
1154 458 1239 481 uere
1265 447 1416 490 probus;

213 503 414 537 numquam
445 492 542 527 enim
576 492 678 527 aliud
710 492 817 535 mihi,
852 503 934 526 cum
961 504 1044 527 eum
1072 492 1212 537 cogito,
1244 494 1316 528 nisi
1343 494 1420 528 eius

216 550 350 574 nomen
372 540 541 583 occurrit3
574 540 673 584 quod
693 539 764 573 nisi
786 550 918 574 nomen
939 539 1105 583 haberet⁷
1132 540 1255 584 potuit
1281 540 1418 575 habere

141 637 186 668 32
214 597 461 669 {ggiiractffi-kincf.
482 633 594 668 Inscr.
610 633 851 668 Praenestina
870 633 1001 676 (Orelli
1023 635 1104 677 105)
1126 633 1256 668 Anicio
1277 634 1419 669 Auche—

212 680 272 715 nio
299 680 415 715 Basso
444 708 450 715 .
479 709 486 716 .
516 707 523 714 .
552 708 558 714 .
591 679 802 715 restitutori
834 680 979 723 generis
1006 680 1220 715 Aniciorum
1247 709 1254 716 .
1322 709 1328 716 .
1357 681 1418 726 (cf.

215 727 331 762 Seeck
356 728 403 763 ad
431 727 742 772 Symmachump
781 726 923 771 XCIII).

144 778 189 808 59
217 774 261 809 cf.
289 775 405 809 Varro
431 774 528 810 Men.
555 778 623 809 375
650 774 691 808 B.
719 740 817 809 oculi
841 774 990 819 nigellis
1016 774 1177 819 pupulis,

144 837 188 867 7ss
217 831 249 869 (I
275 833 367 869 Mos.
394 837 461 867 441
490 833 674 868 Ausonius
699 844 834 868 nomen
860 832 1018 867 Latium.

141 884 183 914 91
214 880 258 915 cf.
291 880 387 915 Pers.
427 880 478 914 III
514 884 555 914 18
593 891 776 915 mammae
808 879 938 914 lallare
978 890 1136 914 recusas.
1175 880 1238 914 ubi
1276 880 1419 916 Schol.:

213 939 307 972 quae
332 928 555 970 infantibus,
581 929 623 961 ut
649 926 851 970 dormiant,
880 926 1001 961 solent
1027 927 1148 961 dicere
1176 937 1302 972 saepe:
1331 927 1421 962 lalla

214 975 306 1009 lalla
330 975 437 1018 lalla;
466 975 529 1018 (.i.)
557 975 622 1008 aut
647 974 766 1008 dormi
793 976 858 1009 aut
882 973 991 1008 lacte.

123 1037 190 1067 104
218 1032 343 1068 Sidon.
371 1033 439 1077 Ep.
467 1033 569 1068 VIIII
599 1037 640 1067 15
667 1046 701 1067 u.
730 1037 750 1067 5
777 1033 985 1076 uolucripes
1012 1032 1206 1066 trimetria.

215 1078 248 1115 (I
273 1081 339 1125 Ep.
366 1080 468 1115 XXV
492 1093 527 1114 u.
555 1084 575 1114 2
603 1080 724 1115 iambe
751 1080 874 1124 pinnis
900 1078 1032 1113 alitum
1058 1078 1231 1114 uelocior.

122 1130 186 1161 105
216 1126 339 1162 Sidon.
368 1139 396 1162 c.
424 1127 561 1161 XXIIII
588 1130 631 1162 76
658 1126 749 1161 dicis
776 1138 855 1169 aue,
883 1126 1014 1160 dehinc
1041 1126 1177 1160 ualeto.

216 1173 338 1209 Sidon.
370 1175 437 1219 Ep.
467 1174 571 1208 VIIII
597 1177 628 1216 9,
656 1178 676 1208 2
704 1184 771 1208 aue
799 1173 896 1207 dicto
923 1184 1007 1207 mox
1032 1173 1116 1207 uale
1143 1172 1310 1206 dicimus.

216 1219 248 1255 ([
274 1222 340 1266 Ep.
368 1220 523 1256 XXVIII
549 1225 592 1256 32
620 1221 701 1265 quis
727 1220 900 1266 prohibet
926 1220 1027 1254 salue
1055 1221 1165 1263 atque
1191 1220 1275 1254 nale
1300 1219 1421 1254 breui-

213 1268 292 1302 tate
319 1269 451 1313 parata
477 1269 624 1303 dicere?

70 1325 156 1360 XIII
184 1326 318 1380 [XVIII
339 1327 425 1372 408]
448 1331 468 1361 3
490 1325 523 1362 (I
543 1327 571 1361 E
576 1339 611 1371 Ρ.
633 1325 665 1360 V
685 1330 730 1360 26
751 1324 919 1370 proxima
938 1325 1011 1359 sint
1031 1324 1211 1368 quamuis,
1232 1325 1288 1359 set
1307 1324 1418 1369 longe

213 1374 381 1418 proxima
406 1374 523 1409 multo
550 1385 594 1407 ex
619 1372 831 1407 intel-,uallo

167 1424 186 1454 5
216 1419 248 1456 (I
274 1421 341 1465 ΕΡ
368 1421 453 1455 XVI
481 1425 522 1455 19
548 1420 674 1465 regale
699 1419 881 1454 nomisma
907 1418 1111 1463 Philippos.

168 1466 320 1503 61181.
347 1469 415 1512 Ep
443 1467 694 1502 XVetXVI.

216 1514 417 1559 Geryones:
458 1513 490 1550 (I
518 1515 608 1559 G1ip
610 1515 646 1548 h.
673 1517 716 1548 82
746 1512 779 1549 (I
804 1513 872 1557 Ep.
898 1513 963 1546 XV
993 1517 1022 1547 6.

147 1566 188 1595 11
217 1561 260 1597 cf.
289 1561 494 1596 Cassiodor.
522 1561 606 1596 Var.
632 1560 684 1595 III
710 1564 753 1595 51
782 1561 828 1595 ad
853 1560 1043 1594 Faustum.

147 1613 189 1643 17
217 1609 308 1643 Plin.
336 1620 372 1642 n.
399 1609 435 1643 h.
463 1608 514 1642 XI
540 1612 596 1643 29.

147 1660 189 1689 19
218 1654 250 1690 (I
278 1656 322 1690 cf.
351 1655 479 1701 Griph.
508 1659 564 1690 52.

143 1706 188 1736 27
218 1702 412 1737 Claranus:
440 1703 485 1737 cf.
515 1702 653 1737 Seneca
680 1712 735 1746 ep.
765 1704 820 1742 66,
849 1703 950 1734 1-4.

145 1753 189 1783 29
219 1747 251 1785 (I
277 1750 373 1784 Prof.
400 1749 488 1784 XIII
514 1754 544 1784 3.
586 1747 619 1784 (I
645 1748 768 1782 Ludus
798 1750 851 1782 12.

146 1800 189 1831 32
216 1797 345 1831 Horat.
376 1797 391 1830 I
419 1801 477 1840 10,
505 1801 549 1830 24
576 1797 616 1830 at
641 1806 758 1830 sermo
784 1794 911 1838 lingua
937 1793 1135 1827 concinnus
1161 1794 1317 1838 utraque
1344 1804 1426 1828 sua-

217 1843 307 1887 uior,
334 1845 375 1877 ut
401 1843 491 1879 Chio
518 1845 607 1878 nota
633 1842 663 1877 si
690 1842 891 1877 commixta
915 1840 1062 1875 Falerni
1089 1842 1154 1875 est.

74 1902 178 1937 XIIII
206 1902 291 1948 [IIII
305 1902 390 1948 393]
409 1909 437 1937 1.
452 1906 485 1936 2.
509 1901 634 1936 Horat.
650 1901 717 1945 Ep
733 1900 817 1943 110,
835 1904 917 1943 lsq.
933 1898 1033 1933 urbis
1048 1900 1252 1934 amatorem
1266 1899 1426 1933 Fuscum

218 1950 361 1984 salueie
388 1949 556 1983 iubemus
582 1948 675 1982 ruris
702 1947 897 1982 amatores.

171 2001 191 2031 3
220 1997 257 2031 et
282 2001 302 2032 8
329 1997 457 2031 Horat
485 1996 551 2040 Ep.
578 1996 593 2030 Ι
620 2000 696 2037 31
727 2006 805 2038 sqq.
834 1998 853 2028 6
880 2004 958 2037 sqq.

171 2048 194 2077 4
219 2043 293 2077 Ver
296 2043 357 2088 gil.
382 2045 423 2078 A.
444 2042 513 2077 IIII
533 2046 600 2076 212
628 2041 686 2076 cui
706 2041 794 2075 litus
815 2041 993 2075 arandum
1017 2039 1084 2074 VII
1106 2043 1173 2074 798
1193 2039 1279 2074 litus
1302 2041 1422 2074 ar.ant

172 2095 193 2125 5
221 2090 360 2135 Vergil.
376 2092 417 2124 A.
432 2090 502 2123 IIII
514 2093 583 2125 480
604 2101 677 2124 oce
672 2090 731 2123 mi
750 2089 860 2122 finem
880 2088 984 2122 iuxta
1011 2086 1198 2131 solemque
1219 2086 1424 2121 cadentem.

172 2141 193 2171 6
221 2135 254 2172 (1
280 2137 347 2181 Ep
374 2137 460 2171 XVI
489 2141 529 2171 15
557 2137 724 2181 scirpea.
773 2134 998 2170 ,habitatio.

175 2188 194 2218 7
221 2149 349 2219 Horalt.
377 2184 413 2218 S.
440 2184 456 2217 Ι
482 2188 514 2226 5,
542 2188 586 2219 80
611 2163 809 2218 lacrimoso
835 2193 907 2216 non
935 2181 1012 2215 sine
1038 2180 1151 2214 fumo

174 2234 194 2265 8
221 2231 350 2266 Horat.
379 2230 445 2275 Ep.
472 2230 506 2265 II
532 2235 563 2273 3,
592 2234 659 2265 407
687 2232 725 2264 et
751 2230 879 2264 cantor
904 2227 1050 2272 Apollo.

175 2282 195 2312 9
222 2277 366 2312 Persius
392 2243 484 2322 prol.
514 2283 531 2312 1
556 2259 661 2313 'fonte
688 2302 697 2311 .
725 2305 732 2311 .
761 2274 956 2311 caballino.

153 2329 195 2359 13
224 2325 269 2358 cf.
297 2325 422 2360 Manil.
450 2325 480 2360 V
509 2329 576 2359 479
604 2336 682 2369 sqq.

151 2390 322 2415 Avsomvs.
1100 2384 1140 2413 31
