1563 2511
648 535 748 579 ΠΙΙ.

0 654 117 686 8—189]
367 632 1015 681 PARENTALIA.

0 785 25 816 Β]
421 770 699 806 PRAEFATIO
726 771 778 806 IN
804 770 970 806 PROSA.

111 854 206 898 Soio
233 855 456 897 uersiculis
482 856 589 897 meis
617 856 804 910 euenire,
830 858 879 897 ut
903 855 1126 897 fastidiose
1153 856 1370 910 legantur:

23 915 181 970 quippe
227 914 288 956 sio
333 915 533 956 meritum
578 919 645 956 est
683 929 842 956 eorum.
906 915 978 956 sed
1018 915 1226 969 quosdam
1265 915 1374 956 solet

22 974 320 1032 commendare
359 974 542 1016 materia
580 977 622 1016 et
654 974 914 1028 aliquotiens
952 973 1138 1015 fortasse
1168 974 1372 1015 lectorem

22 1033 162 1075 solum
195 1034 354 1074 lemma
387 1033 594 1075 sollicitat
625 1034 760 1088 tituli,
793 1036 841 1075 ut
872 1033 1110 1074 festiuitate
1142 1047 1371 1087 persuasus

23 1095 66 1134 et
97 1093 306 1147 ineptiam
344 1092 455 1134 ferre
495 1094 721 1134 contentus
760 1093 826 1134 sit.
888 1092 970 1134 hoc
1003 1092 1256 1147 opusculum
1294 1106 1373 1134 nec
1399 1103 1418 1133 5

22 1153 204 1193 materia
224 1166 450 1193 amoenum
473 1155 539 1193 est
558 1167 636 1193 neo
655 1152 945 1206 appellatione
965 1151 1208 1193 iucundum.
1241 1151 1373 1193 habet

22 1213 234 1252 maestam
260 1211 527 1265 religionem,
555 1226 639 1266 qua
663 1225 858 1252 carorum
880 1225 1070 1252 meorum
1094 1210 1238 1252 obitus
1258 1210 1373 1252 tristi

23 1269 265 1311 adfectione
298 1284 598 1311 commemoro.
654 1271 805 1311 titulus
844 1270 980 1311 libelli
1018 1272 1083 1311 est
1114 1269 1373 1311 Parentalia.

23 1328 228 1383 antiquae
261 1329 566 1383 appellationis
598 1329 668 1370 hic
701 1329 789 1370 dies
823 1332 865 1370 et
897 1330 983 1370 iam
1015 1328 1114 1369 inde
1147 1328 1200 1369 ab
1229 1328 1373 1370 Numa

23 1390 308 1442 cognatorum
341 1388 506 1429 inferiis
539 1388 782 1429 institutus:
815 1402 892 1430 nec
921 1387 1155 1442 quidquam
1182 1388 1370 1429 sanetius
1400 1397 1443 1428 10

20 1446 153 1488 habet
183 1448 425 1488 reuerentia
458 1447 758 1502 superstitum,
793 1462 921 1501 quam
953 1450 1001 1488 ut
1034 1447 1215 1488 amissos
1247 1461 1372 1488 uene-

21 1505 219 1547 rabiliter
250 1506 508 1548 recordetur.

3 1647 29 1678 9]
206 1632 324 1667 ITEM
350 1633 624 1669 PRAEFATIO
654 1633 886 1668 VERSIBUS
912 1632 1187 1669 ADNOTATA.

20 1716 208 1758 Nomina
244 1732 439 1760 carorum
471 1718 557 1759 iam
591 1719 764 1760 condita
795 1719 943 1760 funere
975 1719 1107 1769 iusto,

81 1774 209 1817 Fleta
241 1777 358 1831 prius
392 1777 599 1831 lacrimis,
631 1792 743 1819 nunc
776 1777 1024 1819 memorabo
1058 1777 1215 1832 modis,

20 1833 166 1888 Nuda,
200 1835 291 1876 sine
324 1838 477 1877 ornatu
509 1836 714 1892 fandique
748 1837 938 1878 carentia
969 1837 1104 1878 cultu:

83 1891 252 1936 Sufficit
286 1895 449 1936 inferiis
482 1897 715 1950 exequialis
747 1896 898 1938 honos

115 2012 247 2044 mffim
274 2023 491 2045 PARENTALIA
518 2024 700 2046 F1-:L1crr1-:R
724 2014 786 2047 etc.
814 2011 849 2045 V
920 2015 936 2045 1
959 2011 1128 2055 legantur
1148 2012 1183 2055 (n
1205 2012 1266 2055 αἶ.)
1294 2010 1328 2045 V

22 2060 42 2091 3
70 2056 266 2092 alicotiens
293 2059 325 2101 (o
352 2059 393 2092 in
420 2070 442 2101 q
469 2059 530 2102 al.)
566 2058 599 2093 V
681 2063 703 2093 4
728 2069 842 2104 mary.
869 2045 897 2104 >K
924 2058 957 2092 V
1028 2062 1048 2093 8
1076 2058 1272 2093 affectione
1305 2059 1339 2092 V
1364 2080 1368 2125 ι

19 2126 142 2162 liuelli
174 2127 221 2162 V¹
323 2133 342 2163 9
370 2114 493 2172 antis?
519 2130 555 2183 (a
582 2131 644 2174 αῖ.)
679 2130 712 2164 V
799 2133 840 2163 10
867 2128 1067 2173 quicquam
1100 2129 1135 2163 V
1216 2133 1256 2163 11
1285 2129 1372 2165 abet

28 2185 77 2220 V¹
108 2187 112 2231 Ι
146 2188 371 2222 reuerentia:
400 2198 422 2222 a
447 2199 491 2223 ex
517 2193 567 2223 a?
603 2188 636 2222 V
661 2190 665 2233 ἰ
696 2188 960 2223 uenerauiliter
993 2187 1039 2222 V1

116 2258 300 2282 vssnsnzus:
340 2259 371 2280 SI
403 2258 446 2282 ex
478 2260 511 2282 CI
545 2247 579 2281 V
672 2259 734 2282 uu.
764 2251 866 2281 1—4
894 2251 977 2292 post
1010 2251 1111 2283 5—-8
1144 2250 1369 2294 transposuit

21 2293 191 2329 Brcmdes
288 2298 307 2328 2
334 2297 427 2328 nflne
454 2296 487 2340 (o
514 2295 577 2339 αῖ.)
612 2295 645 2329 V
