1563 2511
612 68 925 108 -415—

154 173 279 215 Nunc
309 174 443 228 igitur
475 174 547 228 qui
578 187 653 214 rex
685 172 903 214 Romanos
936 175 1119 228 imperat
1152 174 1280 227 inter,
1393 184 1434 214 35

94 233 196 274 Non
228 233 367 285 trabe,
400 232 473 272 sed
504 235 626 286 tergo
658 231 884 285 prolapsus
919 234 961 272 et
993 232 1182 286 ingluuie
1216 232 1355 286 albus,

95 291 154 332 Et
186 291 328 332 studia
360 293 402 331 et
435 290 604 343 sapiens
637 289 859 330 hominum
890 304 1130 344 nomenque
1164 304 1378 345 genusque

98 349 253 390 Omnia
286 349 402 390 abire
434 348 549 390 foras
583 350 709 401 atque
741 348 846 388 urbe
879 349 1077 389 excedere
1110 349 1261 389 iussit?

98 408 207 457 Quid
238 407 427 461 fugimus
461 406 614 448 Graios
649 406 952 459 hominumque
984 407 1236 460 reliquimus
1268 407 1411 459 urbes,

97 466 156 507 Vt
188 465 384 507 Romana
413 465 527 506 foret
558 464 697 519 magis
730 464 797 504 his
829 464 1039 505 instructa
1071 466 1306 519 magistris,
1392 476 1436 506 40

95 525 187 566 Iam
220 522 483 579 (Capitolino
516 524 650 564 ueluti
682 523 882 564 turbante
916 521 1094 564 Camillo

98 583 307 625 Censibus
341 585 383 623 et
413 582 577 623 trutina
609 581 724 623 Galli
757 581 903 636 fugere
936 580 1104 636 relicta)

99 640 143 682 Si
174 641 312 682 nostri
343 641 490 695 palare
524 655 644 681 senes
678 640 908 694 adiguntur
941 642 983 680 et
1014 640 1098 693 ipsi

96 699 156 741 Vt
188 700 319 741 ferale
352 713 452 740 suos
486 713 590 740 onus
624 703 849 752 exportare
880 698 1080 738 libellos?

96 758 214 814 Ergo
247 757 537 799 Numantinus
570 756 853 811 Libycusque.
874 757 1031 797 errauit
1061 757 1106 797 in
1137 757 1221 797 isto
1395 768 1438 797 45

99 816 260 871 Scipio,
294 817 366 871 qui
397 817 564 858 Rhodio
598 815 732 857 creuit
764 816 976 856 formante
1010 815 1236 868 magistro,

98 875 332 929 Oeteraque
364 876 441 916 illa
472 889 622 916 manus
655 874 766 915 bello
799 873 982 914 facunda
1015 873 1228 914 secundo?

101 934 215 983 Quos
248 935 361 974 inter
392 934 524 987 prisci
556 933 766 974 sententia
799 932 869 973 dia
901 931 1077 973 Catonis

100 992 216 1034 Scire
251 993 356 1034 adeo
389 992 536 1047 magni
568 992 757 1046 fecisset,
789 995 986 1032 utrumne
1021 990 1212 1032 secundis

99 1053 169 1092 An
201 1051 340 1106 magis
375 1051 566 1092 aduersis
598 1052 734 1092 staret
765 1050 962 1091 Romana
993 1063 1199 1104 propago.
1396 1060 1438 1090 50

100 1109 269 1151 Scilicet
300 1110 508 1154 aduersis!
540 1124 659 1159 nam,
693 1124 787 1150 cum
821 1108 1035 1149 defendier
1068 1108 1198 1149 armis

100 1168 256 1210 Suadet
289 1183 410 1209 amor
440 1168 604 1222 patriae
638 1170 680 1209 et
713 1168 898 1208 caritura
929 1167 1156 1220 penatibus
1190 1181 1314 1219 uxor,

100 1226 329 1280 Conuenit,
361 1230 409 1268 ut
442 1227 603 1280 uespis,
635 1241 813 1281 quarum
847 1230 994 1267 domus
1028 1240 1122 1266 arce
1154 1224 1375 1276 Monetae,

99 1285 241 1327 Turba
273 1285 417 1340 rigens
450 1285 611 1326 strictis
644 1299 719 1339 per
751 1285 868 1325 lutea
901 1299 1079 1337 corpora
1112 1284 1228 1336 telis3

193 1429 236 1459 36
262 1424 383 1468 tergo]
413 1424 457 1457 cf.
486 1423 634 1458 sueton.
664 1423 801 1458 Domit.
826 1427 853 1457 1.
883 1443 925 1447 ——
955 1422 1102 1456 Sueton.
1123 1421 1228 1456 Doni.
1253 1425 1295 1455 18
1322 1421 1440 1456 defor-

99 1471 166 1506 mis
193 1474 230 1505 et
256 1471 439 1506 obesitate
466 1470 616 1504 uentris.

193 1522 236 1552 37
271 1518 426 1570 Sueton.
459 1517 595 1552 Domit.
625 1521 667 1550 10
705 1516 948 1560 philosophos
987 1514 1105 1550 onmis
1138 1516 1225 1549 urbe
1258 1515 1440 1559 Italiaque

98 1566 396 1646 sumIXEUi-iibrat.
425 1611 458 1644 S.
484 1611 500 1644 I
526 1614 559 1653 2,
586 1614 629 1644 32
657 1609 840 1644 sententia
866 1609 928 1643 dia
955 1609 1113 1643 Catonis.

194 1733 237 1763 35
264 1740 321 1763 res
346 1739 516 1762 romanas
544 1741 570 1761 ω
599 1737 688 1761 corr.
708 1726 838 1760 Douza
861 1729 864 1769 Ι
888 1725 1045 1768 imperat
1072 1725 1233 1770 Scaliyer
1260 1724 1394 1759 inferat
1413 1739 1439 1758 ω

146 1779 190 1810 36
218 1787 289 1810 non
314 1776 418 1809 trabe
446 1775 511 1808 sed
536 1776 640 1817 tergo
668 1787 694 1807 ω
730 1774 751 1807 ι’.
778 1783 852 1807 non
877 1773 1044 1814 faciendo
1069 1772 1129 1806 sed
1152 1772 1334 1815 patiendo.
1368 1783 1440 1806 non

99 1824 201 1857 trabs
229 1822 293 1857 sed
312 1823 404 1856 trico
420 1822 605 1856 Baehrens
679 1824 722 1853 39
749 1820 910 1863 fugimus
927 1820 1056 1862 Peiper
1081 1818 1235 1852 facimus
1256 1832 1283 1852 ω
1307 1821 1311 1860 ᾗ
1334 1819 1441 1852 relin-

100 1869 246 1913 quimus
274 1882 300 1902 ω
338 1880 428 1904 corr.
456 1869 626 1902 Pithoeus
722 1870 764 1900 41
794 1867 869 1900 Iam
900 1866 1031 1910 Peiper
1069 1877 1142 1900 non
1169 1879 1195 1898 ω
1235 1877 1331 1899 nunc
1357 1865 1442 1899 Sca-

100 1918 191 1962 liyer
264 1920 308 1949 4⁵2
330 1915 487 1949 Ensibus
502 1928 528 1948 ω
556 1925 645 1949 corr.
669 1913 833 1956 U'ithofl
856 1913 996 1957 fugiere
1019 1913 1051 1946 V
1121 1916 1164 1945 43
1193 1911 1223 1945 si
1251 1912 1284 1946 V
1308 1913 1358 1945 sic
1379 1912 1414 1945 P
1435 1912 1438 1954 j

101 1964 272 1998 dicuntur
298 1977 324 1996 ω
365 1973 453 1997 corr.
481 1962 667 1995 Baehrens
763 1964 808 1994 44
835 1971 899 1994 suo
925 1970 1032 1994 sonus
1059 1972 1085 1992 ω
1127 1970 1216 1993 corr.
1245 1958 1405 2003 Scaliyer
1435 1960 1438 2004 J

101 2012 294 2054 exportare
321 2009 518 2043 Burmann
562 2008 743 2051 extirpare
771 2020 797 2040 ω
895 2010 939 2040 45
972 2005 1208 2040 numantinas
1241 2005 1380 2049 libycas
1414 2020 1439 2039 ω

101 2068 190 2092 corr.
213 2057 264 2091 cd.
285 2057 452 2091 Tor'naes.
528 2059 572 2088 46
599 2054 677 2098 qui]
705 2054 803 2097 quod
830 2053 1062 2098 Cmmeyieter
1085 2055 1088 2096 Ι
1117 2051 1238 2086 Rudio
1265 2053 1441 2086 Heinsius

148 2108 191 2138 47
219 2105 351 2137 caetera
377 2116 403 2136 ω
426 2102 431 2148 1
455 2101 636 2137 foecunda
655 2101 843 2135 Amantius
915 2105 958 2134 49
986 2100 1078 2134 adeo
1099 2099 1266 2133 Pithoeus
1301 2099 1388 2133 deos
1413 2113 1439 2132 ω

149 2154 189 2185 51
225 2148 426 2185 deffendier
452 2149 487 2182 P
579 2153 621 2183 52
654 2149 814 2182 caritura-
840 2148 970 2191 Pec'per
1014 2146 1163 2190 captiua
1196 2159 1223 2179 ω
1321 2149 1364 2179 53
1402 2146 1442 2179 ut

101 2198 224 2241 uespis
256 2208 302 2231 sc.
330 2195 503 2231 conuenit
527 2196 636 2230 turba
659 2201 661 2236 ς
685 2195 873 2240 monetae]
903 2196 1073 2228 mouente
1108 2193 1141 2226 V
1207 2196 1287 2236 post
1314 2196 1357 2226 53
1383 2203 1439 2226 ex-

101 2246 229 2279 cidisse
260 2255 402 2279 uersmn
436 2243 585 2278 coniecit
609 2243 795 2277 Baehrens
892 2244 936 2275 54
961 2241 1083 2284 rigens
1108 2240 1218 2282 uulgso
1256 2241 1384 2282 tegens
1411 2252 1437 2272 ω

103 2302 234 2335 regens
259 2292 310 2326 ecl.
342 2291 509 2325 Tornaes.
548 2290 677 2334 uigens
703 2289 882 2324 Barthiws
920 2288 1046 2322 turbat
1072 2297 1183 2331 agens
1210 2286 1393 2319 Pulmamz
