1563 2511
632 51 947 93 —167—

123 157 372 199 Praeualuit
403 159 502 212 post
534 170 679 210 quam,
712 155 916 197 Gammae
949 158 1042 199 uice
1073 158 1221 200 functa
1251 159 1388 214 prius,
1421 159 1454 202 C

125 217 264 271 Atque
298 216 431 257 alium
462 229 541 269 pro
575 229 619 256 se
650 214 825 256 titulum
857 215 1065 269 replicata
1097 217 1213 259 dedit
1417 218 1455 260 G

125 276 252 317 Ansis
285 275 424 316 cincta
455 274 619 315 duabus
653 273 734 314 erit
765 287 861 315 cum
892 273 1006 327 Iota,
1037 275 1153 330 leges
1411 293 1467 321 m.

125 334 178 375 In
206 334 331 375 Latio
363 347 565 374 numerus
598 332 815 385 denarius,
847 331 1098 387 Argolicum
1418 337 1469 379 X.

69 391 105 418 25
123 391 243 434 Haec
273 392 389 447 gruis
423 391 588 446 effigies
618 390 891 432 Palamedica
922 391 1158 446 porrigitur
1420 397 1457 439 Φ

125 450 274 505 Coppa
304 451 367 492 fui
400 450 615 505 quondam
647 449 848 504 Boeotia,
878 464 991 492 nunc
1022 449 1193 492 Latium
1421 454 1455 503 Q

123 509 260 552 Furca
290 509 574 565 tricornigera
607 509 748 563 specie
779 523 914 563 paene
946 509 1099 550 ultima
1131 525 1224 552 sum
1420 514 1459 554 Ψ

54 685 127 717 [349]
453 670 565 707 XIIII.
607 670 1125 708 GRAMMATICOMASTIX.

122 756 182 798 Et
213 755 543 810 logodaedalia‘?
577 755 707 797 stride
740 756 886 808 modo,
918 755 991 809 qui
1020 756 1203 797 nimium
1374 759 1471 798 trux

122 816 300 857 Friuola
311 815 587 857 condemnas:
601 829 786 869 nequam
799 829 967 868 quoque
979 829 1074 856 cum
1086 815 1226 869 pretio
1240 818 1305 858 est
1342 818 1470 858 mers!

122 874 288 916 Ennius
321 876 369 914 ut
400 876 628 928 memorat,
660 873 825 927 repleat
856 876 899 915 te
928 874 1160 915 laetificum
1375 889 1471 930 gau.
1501 885 1563 916 145

122 932 277 975 Liuida
308 947 427 974 mens
459 932 685 973 hominum
717 935 964 974 concretum
996 933 1097 973 felle
1130 935 1287 988 coquat
1379 949 1471 988 pus.

86 1001 103 1027 5
123 991 222 1045 Dic,
254 991 356 1045 quid
388 991 631 1046 significent
664 989 890 1046 Catalepta
920 991 1144 1033 Maronis?
1178 993 1223 1034 in
1254 993 1320 1034 his
1431 994 1472 1034 al

87 1061 104 1086 6
125 1050 343 1093 Celtarum
375 1051 538 1105 posuit3
573 1050 765 1104 sequitur
797 1064 884 1091 non
916 1050 1097 1092 lucidius
1379 1054 1472 1094 tau:

218 1190 321 1224 XIIII
349 1193 368 1223 3
395 1188 505 1223 Ennii
529 1188 662 1223 Annal.
690 1192 758 1223 555
783 1188 830 1223 M.

218 1241 238 1271 5
260 1249 340 1281 sqq.
367 1235 506 1281 Vergil.
536 1235 653 1270 Catal.
681 1239 700 1270 2
728 1235 772 1271 cf.
802 1235 1018 1277 Quintilian.
1049 1234 1135 1271 VIII
1160 1240 1193 1281 3,
1220 1241 1262 1272 27
1286 1248 1364 1282 sqq.

220 1370 286 1401 136
312 1368 513 1411 postquam
538 1366 662 1409 aalyo,
688 1375 778 1401 corr.
800 1365 931 1409 Peiper
1010 1369 1074 1400 137
1102 1366 1222 1409 adque
1244 1365 1302 1410 Vl
1324 1366 1476 1402 titulum

130 1414 177 1448 V1
204 1413 511 1449 Sannazariaoms
536 1412 648 1447 titulo
676 1411 725 1446 V²
746 1415 751 1455 Ι
785 1411 831 1458 G]
861 1411 887 1446 C
920 1412 963 1455 V,
989 1423 1079 1448 corr.
1104 1412 1235 1457 Peiper
1260 1417 1293 1448 et
1315 1414 1477 1450 Mercens

162 1487 228 1519 138
254 1484 334 1519 ansi
354 1483 389 1519 V
411 1494 501 1519 corr.
526 1483 716 1518 Turnebus
739 1485 743 1526 Ι
776 1468 878 1518 circita
910 1482 941 1517 V
961 1484 965 1527 Ι
999 1493 1065 1518 san
1089 1484 1148 1519 uel
1174 1484 1293 1530 sampi
1320 1486 1477 1521 litteram

124 1541 158 1565 m
178 1531 236 1566 uel
261 1531 307 1574 Φ,
343 1541 433 1575 qaae
463 1531 541 1566 sola
566 1541 610 1565 ex
634 1531 893 1575 monosyllabis
917 1533 1078 1575 superest
1105 1532 1205 1575 (nam
1230 1531 1276 1566 fl
1297 1544 1313 1566 s
1340 1544 1384 1567 ne
1404 1533 1476 1578 syl-

124 1579 245 1613 labam
263 1579 405 1623 quidem
425 1578 603 1621 efficium)
624 1588 696 1622 pro
721 1578 901 1623 disyllabo
923 1578 967 1621 Θ,
992 1578 1088 1622 qaod
1112 1581 1162 1613 est
1187 1580 1229 1613 in
1248 1578 1291 1622 V,
1317 1581 1478 1624 reposuit

128 1626 259 1669 Peiper
357 1628 424 1659 140
451 1624 552 1669 gruis
572 1623 784 1668 Aecarsias,
811 1625 953 1659 coruois
980 1624 1016 1660 V
1044 1625 1161 1660 crucis
1188 1625 1350 1671 Scaliyer
1374 1630 1410 1670 1,
1430 1631 1478 1663 19

174 1676 239 1706 141
267 1671 397 1717 Coppa
416 1672 558 1716 Peiper,
585 1672 760 1715 Εἶεν-τεῆς,
787 1683 905 1717 cappa
924 1671 980 1716 Vl
1002 1672 1116 1707 b0&ia
1136 1672 1171 1709 V
1192 1684 1243 1708 an
1267 1673 1440 1709 Boeotis?
1470 1674 1475 1721 Ι

126 1719 172 1765 Q]
199 1718 233 1753 K
258 1719 302 1762 V,
326 1730 418 1754 corr.
442 1719 586 1764 Peiper,
611 1720 773 1754 Mertens
872 1723 938 1754 142
966 1730 1059 1764 pene
1093 1719 1128 1754 V

219 1777 325 1812 XIIII
349 1790 417 1812 xm
442 1789 556 1824 mary.
590 1777 648 1822 Vl
671 1778 1030 1813 Gramaticomastex
1062 1778 1097 1812 V
1119 1778 1373 1815 Grammatico
1400 1791 1475 1814 me·
1499 1779 1563 1822 Ε(

128 1825 201 1859 stix
223 1825 253 1860 Ο
275 1836 341 1860 om.
358 1826 393 1859 Z
416 1826 530 1869 (nullo
555 1825 754 1860 interstitio
780 1837 803 1860 a
829 1836 856 1860 e.
878 1828 952 1861 348
977 1827 1179 1862 seiunctum
1204 1838 1349 1862 carmen
1373 1828 1415 1862 in
1432 1828 1477 1871 T)

129 1875 194 1907 143
222 1872 246 1908 Ε
272 1872 308 1907 V
329 1873 372 1907 Gt
393 1871 463 1907 ΟΖ
487 1873 546 1917 (et
571 1875 715 1915 atram„
741 1883 816 1908 non
834 1872 897 1907 ET
917 1883 982 1908 nec
1007 1873 1164 1908 miniata
1183 1873 1213 1907 E
1238 1874 1319 1918 litt„
1345 1876 1386 1909 in
1405 1874 1447 1918 Τ)
1470 1874 1475 1920 Ι

125 1942 413 1988 logoadaedalia
446 1942 481 1977 V
507 1942 770 1987 logodacdalia
795 1943 829 1977 L
859 1928 950 1978 Ιοοὸυ
972 1943 1139 1978 dedalias
1168 1944 1200 1980 Ο
1227 1945 1340 1989 logho
1368 1944 1478 2000 deba-

125 2001 178 2036 lia
207 2002 240 2036 T
270 2003 276 2045 l
315 2002 393 2036 ride
421 2001 451 2037 Ο
482 2002 486 2047 Ι
529 2001 620 2046 quid
646 2002 682 2036 Z
777 2006 844 2036 144
871 2003 1095 2037 condemnas
1124 2003 1156 2038 G
1190 2004 1417 2039 condemnas
1450 2003 1484 2039 V

129 2049 133 2094 1
163 2049 411 2084 condemnans
433 2049 505 2084 ΤΘ
526 2051 531 2093 Ι
553 2060 714 2093 nequam
734 2049 894 2095 quoque]
922 2061 1158 2094 nequaquam
1174 2050 1208 2084 T
1227 2052 1232 2095 Ι
1256 2052 1311 2085 est
1331 2062 1396 2086 om.
1420 2051 1453 2085 T
1473 2051 1478 2096 Ι

126 2100 205 2130 mes
226 2096 261 2131 V
282 2107 383 2130 merx
405 2095 476 2130 CZ
498 2107 594 2131 mers
616 2097 779 2132 Mertens
852 2108 888 2132 a.
906 2100 972 2131 145
991 2101 1072 2142 post
1090 2108 1126 2132 a.
1146 2102 1212 2132 161
1233 2098 1303 2133 sie:
1324 2100 1360 2132 et
1380 2097 1479 2141 quod

126 2154 404 2187 nonnumquam
438 2142 644 2188 praesumit
675 2143 878 2179 laetificum
911 2154 985 2187 gau
1013 2144 1043 2179 O
1049 2145 1084 2178 Z
1121 2145 1126 2189 Ι
1171 2144 1298 2188 replea
1331 2145 1365 2180 V
1387 2156 1477 2180 corr.

128 2189 436 2225 Saomazarianus
503 2202 539 2225 u.
556 2194 622 2226 146
650 2202 714 2226 om.
733 2192 767 2225 Z
786 2192 791 2233 1
814 2193 980 2235 quoquat
1001 2191 1036 2225 V
1058 2192 1183 2236 coquit
1204 2191 1235 2225 O
1295 2195 1360 2226 147
1388 2192 1478 2226 scire

127 2236 240 2271 uelim
257 2238 445 2282 catalepta
464 2238 591 2282 legens
614 2238 703 2281 quid
725 2238 910 2282 significet
929 2239 1010 2272 tau:
1030 2239 1094 2280 sie,
1114 2239 1242 2273 omisso
1256 2250 1290 2274 a.
1304 2242 1388 2281 143,
1411 2238 1481 2274 G'Z

131 2287 184 2327 (at
209 2285 392 2318 catalecta
413 2284 442 2319 C
466 2284 704 2329 significet‘v?
733 2286 765 2319 T
797 2285 983 2330 significat
1010 2284 1052 2329 0)
