1563 2511
605 60 896 101 —47-

82 166 312 208 Coniunxit
342 167 513 207 nostras
546 180 760 220 aequaeua
792 165 975 207 infantia
1007 181 1155 221 cunas,

140 225 235 266 Vno
269 224 465 280 quamuis
497 226 543 265 tu
578 225 749 266 consule
782 225 919 266 maior
951 239 1055 267 eras.

80 283 233 325 Inuida
264 285 327 324 set
358 284 537 324 nimium
570 283 771 324 Lachesis
803 286 1034 338 properata
1066 285 1233 339 peregit
1404 296 1423 327 5

138 342 348 396 Tempora
381 344 423 383 et
455 342 507 383 ad
540 356 687 383 manes
719 342 871 383 funera
904 343 1057 384 acerba
1091 343 1218 385 dedit.

79 401 323 443 Praemissa
355 415 457 455 ergo
490 401 586 442 uale
618 415 850 455 manesque
883 415 1029 442 uerere
1061 405 1307 456 parentum,

138 460 218 509 Qui
250 460 411 501 maiore
444 474 548 501 aeuo
582 460 737 514 quique
769 460 934 502 minore
966 461 1097 501 uenit.

10 600 80 634 [189]
125 586 238 622 XXX.
277 587 529 622 POMPONIA
549 587 1026 669 W'nggssSQQESSOCRVS
1049 587 1182 623 VXOR
1202 587 1387 623 IVLIANI

75 718 136 759 Vt
167 719 334 773 generis
368 719 488 772 clari,
520 721 714 760 ueterum
747 720 807 760 sic
838 720 1001 761 femina
1032 734 1213 773 morum,

135 776 309 831 Vrbica‚
343 777 542 819 Censoris
576 778 806 819 nobilitata
837 781 951 831 tor03

77 836 286 891 Ingenitis
322 837 488 890 pollens
520 837 755 878 uirtutibus
788 839 998 891 auctaque
1032 839 1074 878 et
1106 837 1210 890 illis,

136 895 250 944 Quas
284 895 429 937 docuit
461 896 661 949 coniunx,
695 911 800 950 quas
832 899 957 950 pater
989 899 1031 936 et
1063 896 1280 950 genetrix:

78 953 191 1002 Quas
224 954 377 995 habuit
408 954 636 1008 Tanaquil,
668 970 773 1008 quas
806 954 1078 1009 Pythagorea
1110 954 1286 996 Theano
1403 966 1422 996 5

136 1012 337 1067 Quaeque
369 1013 460 1054 sine
492 1014 686 1067 exemplo
719 1015 763 1054 in
793 1028 895 1055 nece
926 1014 1076 1055 functa
1106 1014 1202 1055 uiri.

74 1070 133 1112 Et
164 1072 244 1112 tibi
276 1073 312 1112 si
344 1072 480 1113 fatum
515 1073 574 1113 sic
606 1076 851 1127 permutare
884 1073 1086 1122 dedisset,

134 1130 311 1171 Viueret
341 1131 423 1172 hoc
455 1133 606 1173 nostro
639 1134 834 1184 tempore
867 1130 1028 1172 Censor
1060 1131 1210 1172 adhuc.

77 1188 149 1230 Set
179 1204 315 1244 neque
346 1192 394 1230 tu
426 1190 556 1231 uiduo
590 1190 768 1244 longum
801 1190 991 1231 cruciata
1026 1190 1105 1230 sub
1138 1204 1244 1231 aeuo

135 1248 335 1290 Protinus
368 1251 517 1302 optato
550 1249 633 1290 fine
667 1251 812 1290 secuta
844 1249 997 1290 uirum.
1381 1260 1423 1291 10

78 1307 232 1348 Annua
262 1321 375 1348 nunc
408 1309 585 1349 maestis
618 1308 795 1349 ferimus
828 1308 908 1348 tibi
939 1308 1054 1349 iusta
1087 1308 1286 1362 querellis

137 1365 245 1408 Cum
277 1379 435 1421 genero
470 1369 512 1408 et
542 1367 656 1408 natis
689 1381 891 1408 consocer
924 1366 1154 1408 Ausonius.

177 1486 196 1516 5
223 1482 355 1517 lacesis
386 1482 422 1517 V
503 1487 522 1518 6
549 1494 684 1518 acerna
715 1483 750 1517 V
831 1486 851 1517 8
879 1482 1042 1527 quinque
1076 1482 1110 1517 V
1133 1493 1222 1518 corr.
1249 1483 1421 1528 Luydmv„

170 1541 272 1575 XXX
303 1545 455 1576 popaum
486 1541 522 1576 V
615 1545 634 1575 3
660 1540 834 1586 ingenitis
866 1542 901 1576 V
994 1544 1015 1575 4
1042 1542 1166 1576 colux:
1200 1542 1258 1576 col
1283 1543 1324 1576 in
1349 1553 1420 1577 ras.

74 1600 129 1634 pr.
151 1588 186 1623 V
256 1592 276 1622 5
302 1589 406 1623 abuit
432 1589 478 1623 Vl
501 1590 506 1633 1
528 1588 777 1634 phithagorea
802 1589 867 1633 (ph
887 1601 930 1623 ex
950 1590 999 1633 pb
1020 1589 1083 1633 al.)
1107 1589 1142 1623 V
1212 1593 1231 1622 6
1253 1589 1422 1634 exemplo

76 1637 133 1671 est
156 1637 330 1682 Luydun.
359 1638 363 1680 1
404 1636 441 1670 in
474 1637 581 1682 nece]
617 1635 657 1670 in
687 1636 768 1671 uice
795 1636 972 1671 Heinsius
1069 1640 1088 1670 7
1121 1634 1151 1670 si
1179 1646 1245 1671 om.
1280 1636 1315 1671 V
1337 1638 1422 1672 add.

76 1684 249 1728 Luydwn.
324 1687 345 1718 8
371 1684 465 1718 aduc
494 1684 540 1718 V¹
614 1688 633 1718 9
662 1683 773 1718 biduo
801 1683 835 1717 V
907 1688 949 1718 10
977 1684 1106 1718 obtato
1134 1683 1191 1728 Vl
1214 1685 1364 1727 seqvuta
1391 1683 1426 1718 V

126 1734 166 1765 11
193 1731 263 1765 tiui
295 1731 330 1766 V
424 1732 445 1765 Γ
472 1731 606 1766 finiunt
630 1731 826 1775 parentela
851 1732 963 1776 antiq.
990 1742 1034 1765 m.
1062 1731 1144 1766 add.
1180 1731 1215 1765 V
