1563 2511
40 161 114 192 [199]
227 148 342 183 VIIII.
380 146 597 183 IVCVNDO
625 146 950 183 GRAMMATICO
977 146 1341 183 BVRDIGALENSI

581 200 761 235 FRATRI
795 200 983 236 LEONTI.

109 274 169 316 Et
200 275 260 328 te,
293 287 419 328 quem
451 273 699 315 cathedram
730 276 889 315 temere
920 287 1149 328 usurpasse
1182 273 1380 315 locuntur

168 332 342 374 Nomen
373 332 646 386 grammatici
678 346 756 374 nec
788 333 993 373 meruisse
1024 334 1197 387 putant,

108 391 226 433 Voce
258 391 379 433 ciebo
411 393 579 445 tamen,
612 391 813 445 simplex,
844 392 974 445 bone,
1007 391 1160 445 amice,
1193 390 1370 446 sodalis,

168 450 373 504 Iucunde,
405 450 486 492 hoc
518 451 614 504 ipso
647 464 744 491 care
775 450 914 505 magis
948 450 1109 504 studio,

110 508 249 563 Quod,
280 509 476 564 quamuis
509 508 664 562 impar,
696 523 852 550 nomen
884 511 975 550 ‘cam
1005 508 1151 551 nobile
1184 508 1357 550 amasti:
1436 519 1455 550 5

166 568 226 610 Es
259 568 436 610 meritos
468 568 580 609 inter
612 568 982 610 commemorande
1013 568 1141 609 uiros.

107 688 150 723 X.
195 688 528 724 GRAMMATICIS
565 687 760 724 LATINIS
798 688 1251 726 BVRDIGALENSIBVS
1292 687 1456 724 PHILO—

38 791 113 823 [200]
202 742 342 778 LOGIS
374 742 644 778 ANASTASIO
678 742 999 778 GRAMMATICO
1025 741 1361 777 PICTAVIORVM

450 827 577 870 Nunc
607 831 656 870 ut
688 841 898 883 quemque
932 827 1036 868 mihi

450 887 627 929 Flebilis
661 887 792 929 officii

450 946 712 1001 Relligiosus
744 946 883 987 honor

452 1004 680 1060 Suggeret,
713 1004 953 1071 expediam,

398 1072 418 1103 5
452 1063 551 1117 Qui,
584 1064 782 1119 quamuis
813 1062 967 1104 humili
1435 1073 1454 1103 5

452 1122 612 1177 Stirpe,
644 1123 738 1164 loco
772 1137 820 1164 ac
851 1121 1025 1182 meriffio,

449 1180 640 1236 Ingeniis
675 1181 899 1223 hominum

449 1239 708 1295 Burdigalae
739 1240 916 1281 rudibus
1434 1249 1453 1280 8

450 1298 712 1341 Introtulere
744 1302 891 1340 tamen
1414 1308 1453 1338 17

375 1366 417 1398 10
451 1356 764 1399 Grammatices
798 1356 1000 1399 studium.

509 1414 575 1457 Si‘c
605 1427 838 1458 MACRINVS
871 1415 916 1456 in
947 1415 1032 1457 his:

448 1473 560 1516 Huic
592 1489 687 1516 mea
718 1474 929 1530 principio
1408 1483 1454 1515 20

200 1565 307 1600 VIIII
331 1570 454 1601 Gallim}
478 1569 770 1609 BVRDEGALENffl}
796 1567 826 1611 (s
852 1567 992 1610 εναεοῗ)
1018 1565 1053 1600 V
1137 1570 1157 1600 5
1183 1565 1369 1609 quamuis:
1396 1565 1453 1599 uis

107 1623 150 1647 ecc
176 1612 253 1657 quis
284 1624 420 1649 rasura
445 1625 536 1649 corr.
572 1614 604 1648 V
723 1618 742 1648 6
775 1613 959 1649 Emeritos
994 1613 1027 1648 V
1056 1623 1094 1647 es
1121 1612 1284 1658 Scaliyer
1308 1616 1342 1655 1,
1367 1616 1416 1648 12
1448 1614 1449 1657 l

106 1661 446 1696 commemorande:
473 1662 519 1696 αἶ.
546 1661 591 1696 de
617 1672 662 1696 ex
686 1661 747 1696 di?
779 1660 815 1695 V

201 1718 233 1752 X
259 1722 372 1753 totum
397 1730 541 1755 carmen
565 1720 608 1754 in
640 1719 674 1753 V
699 1720 726 1762 f.
753 1723 814 1754 11r
839 1720 904 1755 col.
931 1721 956 1755 2
981 1720 1033 1754 sic
1059 1721 1248 1754 exaratum
1274 1723 1341 1753 est.-

153 1771 216 1806 col.
244 1774 304 1805 2α
1263 1772 1326 1806 col.
1353 1772 1405 1806 25

283 1835 521 1858 GRAMMATICIS
547 1836 683 1859 LATINIS
711 1837 1042 1861 BVRDEGALENSIBVS
1069 1837 1274 1859 PHILOLOGIS

105 1876 231 1910 Nunc
257 1878 304 1910 ut
330 1887 548 1920 quemque
574 1877 678 1912 mici

104 1922 258 1958 Flebilis
284 1922 397 1957 officii
816 1936 975 1959 amomo
1001 1936 1188 1958 AxAsrAsm

105 1968 317 2014 Religiosus
344 1970 461 2004 honor
816 1983 1044 2006 annumnco
1070 1974 1280 2006 memnon?

107 2016 290 2062 Suggeret
315 2016 510 2069 expediam
817 2019 887 2060 Qui
911 2018 1062 2052 rudibus
1087 2018 1210 2063 pueris
1408 2022 1450 2053 32

106 2063 204 2106 Quin
228 2063 397 2108 quamuis
422 2063 554 2098 humili
723 2069 742 2098 5
816 2065 940 2100 Prima
966 2064 1150 2100 elementa
1175 2065 1287 2100 dauat

107 2110 229 2155 Stirpe
255 2110 337 2146 loco
364 2111 433 2145 hac
459 2110 591 2145 meiito
723 2116 742 2146 6
816 2111 863 2146 Et
890 2112 1065 2147 liuertina
1406 2116 1451 2148 34

199 2206 343 2241 numeri
368 2206 496 2240 desunt
521 2206 562 2239 in
595 2205 629 2240 V
746 2210 765 2241 5
799 2206 886 2250 quin
920 2206 954 2240 V
976 2206 1038 2250 qui
1064 2206 1225 2250 Scaliyer
1251 2210 1283 2249 1,
1312 2207 1357 2241 13

107 2256 127 2287 6
153 2252 223 2287 hae
257 2252 292 2287 V
313 2264 356 2288 ac
382 2253 555 2298 Luydu‘n.
678 2257 722 2288 33
755 2253 882 2299 dauat]
912 2253 1026 2288 dauas
1053 2257 1094 2288 ut
1118 2254 1194 2288 uid.
1221 2254 1268 2288 al.
1296 2263 1388 2289 corr.
1422 2254 1455 2288 V
