1563 2511
627 53 948 95 —148—

117 156 295 199 Comere
328 171 435 211 quae
467 157 642 211 paribus
674 159 819 212 potuit
850 159 1027 215 fastigia
1059 161 1195 210 conis,

117 216 327 258 octauum
359 217 517 258 reiecta
550 217 690 258 locum
722 218 795 258 uix
825 233 959 272 paene
991 221 1145 260 tuetur.

590 344 700 378 VIIII.
740 344 983 386 AQVHAEIA.

116 427 216 469 Non
249 430 342 469 erat
373 428 453 469 iste
487 429 622 469 locus:
655 430 807 470 merito
841 433 988 471 tamen
1020 433 1144 472 aucta
1178 430 1356 484 recenti,

117 486 244 529 Nona
275 487 387 528 inter
420 488 559 528 claras
591 499 814 537 AQVILEIA
846 489 1026 530 cieberis
1059 490 1202 544 urbes,
1420 500 1464 531 65

116 546 228 587 Itala
261 546 314 587 ad
344 545 540 600 Illyricos
574 547 741 588 obiecta
774 548 940 589 colonia
972 552 1157 598 montes,

117 604 343 646 Moenibus
377 607 419 646 et
452 607 578 658 portu
611 606 907 647 celeberrima:
942 607 1014 647 sed
1046 608 1184 662 magis
1218 607 1322 648 illud

116 662 307 714 Eminet,
340 667 530 705 extremo
566 664 678 718 quod
709 669 751 705 te
785 666 862 706 sub
895 668 1087 719 tempore
1120 666 1242 720 legit,
1449 676 1465 702 5

119 722 314 765 Solueret
346 725 495 764 exacto
528 724 595 763 eui
628 738 721 764 sera
754 724 924 777 piacula
954 724 1091 765 lustro

118 781 351 835 Maximus,
385 781 588 836 armigeri
621 783 835 836 quondam
870 783 948 824 sub
980 784 1152 825 nomine
1184 784 1283 825 lixa.
1422 795 1464 826 70

118 840 258 894 Felix,
292 854 399 895 quae
432 841 541 882 tanti
575 841 807 894 speetatrix
840 842 954 882 laeta
985 842 1195 896 triumphi

119 899 289 941 Punisti
323 898 518 940 Ausonio
554 898 820 954 Rutupinum
852 900 990 941 Marte
1023 902 1246 944 latronem.

653 1027 694 1061 X.
733 1027 934 1063 ARELAS.

120 1110 283 1165 Pande,
316 1111 470 1164 duplex
498 1122 730 1162 ARELATE,
763 1115 859 1154 tuos
893 1113 1054 1154 blanda
1085 1113 1257 1168 hospita
1290 1116 1456 1168 portus,

121 1169 294 1211 Gallula
326 1169 466 1211 Roma
498 1169 670 1224 Arelas,
710 1186 837 1226 quam
869 1171 1016 1213 Narbo
1049 1171 1231 1214 Martius
1266 1177 1308 1214 et
1340 1188 1467 1228 quam

121 1229 291 1270 Accolit
323 1228 495 1282 Alpinis
530 1230 733 1283 opulenta
765 1229 933 1271 Vienna
965 1231 1148 1285 colonis,
1424 1243 1467 1274 75

120 1287 372 1341 Praecipitis
405 1286 606 1329 Rhodani
639 1289 700 1330 sio
731 1288 934 1331 intercisa
965 1289 1154 1344 fluentis,

120 1345 181 1387 Vt
213 1346 397 1388 mediam
429 1345 563 1388 facias
596 1348 742 1389 nauali
773 1350 904 1402 ponte
936 1349 1145 1403 plateam,
1453 1362 1468 1386 5

120 1405 202 1446 Per
235 1420 360 1460 quem
392 1404 578 1447 Romani
610 1407 864 1448 commercia
899 1407 1080 1462 suscipis
1114 1409 1227 1450 orbis

120 1463 210 1505 Neo
243 1464 436 1519 cohibes,
469 1466 734 1520 populosque
768 1467 875 1507 alios
909 1470 951 1508 et
983 1468 1154 1508 moenia
1186 1467 1314 1521 ditas,

122 1522 263 1564 Gallia
296 1523 390 1577 quis
423 1524 580 1565 fruitur
612 1526 858 1579 gremioque
891 1526 1125 1580 Aquitania
1157 1527 1256 1568 lato.
1426 1538 1469 1569 80

218 1643 260 1673 62
288 1639 398 1685 quae]
428 1625 450 1683 51
484 1639 518 1674 V
541 1651 581 1685 (13
612 1640 645 1673 1³
741 1644 784 1674 63
813 1641 986 1675 octabum
1022 1642 1054 1674 V

216 1711 298 1732 v1111
323 1710 493 1737 AvafflA
525 1698 560 1732 V
595 1698 638 1732 de
666 1699 854 1743 aquilegia
882 1699 917 1733 P
997 1704 1040 1735 64
1067 1700 1161 1746 erat]
1190 1704 1270 1735 orat
1297 1701 1347 1736 Pe
1376 1703 1380 1745 Ι
1416 1703 1470 1735 ste

129 1745 162 1778 V
181 1746 185 1790 ξ
204 1746 350 1817 ξειωθῃ]
377 1746 419 1779 tu
448 1745 508 1789 P}
540 1744 649 1780 receti
675 1746 706 1789 (ἐ
736 1747 775 1779 in
801 1757 886 1789 ras„
913 1747 943 1781 ti
968 1758 1013 1782 ss.
1041 1749 1168 1793 antiq.)
1202 1747 1236 1782 V
1329 1751 1372 1784 65
1399 1749 1471 1783 cla-

140 1800 209 1823 aqui
227 1800 241 1818 e

122 1837 180 1860 ras
207 1827 244 1861 ia
272 1827 304 1859 V
324 1829 328 1869 Ι
352 1827 508 1874 cieberis
538 1827 571 1860 V
641 1832 684 1862 66
712 1828 819 1866 itala]
847 1829 921 1864 ista
947 1829 996 1863 P*³
1019 1831 1023 1871 Ι
1045 1829 1224 1874 illyncos:
1251 1843 1274 1875 y
1301 1842 1344 1865 ex
1369 1831 1410 1866 i?
1442 1830 1477 1865 V

121 1873 287 1908 fflurieos
316 1875 352 1908 P
435 1878 477 1909 67
506 1875 591 1909 illut
630 1874 656 1904 V
687 1876 778 1909 deest
805 1876 840 1910 P
923 1880 966 1911 68
994 1876 1181 1922 Esssminet
1213 1877 1248 1911 V
1330 1883 1372 1913 69
1401 1879 1471 1912 sol-

121 1920 219 1956 uerit
240 1922 276 1955 P
298 1921 459 1955 solberet
487 1921 543 1965 Vl
579 1932 659 1955 sera
685 1921 718 1955 V
740 1922 838 1957 iusta
861 1924 895 1957 P
922 1927 925 1961 Ι
961 1923 1076 1958 lustro
1111 1924 1145 1958 V
1166 1924 1266 1959 bello
1297 1924 1333 1958 P
1428 1929 1471 1960 70

121 1967 196 2002 lixa
224 1972 313 2003 ›Snse
346 1968 442 2003 lixae
470 1982 496 2002 ω
597 1973 637 2003 71
666 1968 873 2014 trilmmphi
909 1971 942 2005 V

218 2041 239 2060 x
264 2040 398 2061 ,aluums
427 2027 460 2059 V
489 2028 533 2062 de
561 2027 736 2062 arleteusi
763 2030 852 2063 urbe
883 2030 915 2063 T
944 2030 989 2064 de
1014 2030 1151 2065 uienna
1173 2030 1209 2064 P
1281 2034 1324 2064 73
1350 2031 1471 2075 pande

132 2074 165 2107 V
186 2074 301 2119 prode
331 2074 408 2108 PT
505 2078 558 2109 73.
589 2079 631 2109 74
658 2076 768 2110 uerba
795 2077 935 2112 arelate
963 2097 1005 2101 —
1033 2088 1137 2112 roma
1161 2088 1226 2113 om.
1256 2077 1336 2112 PT
1429 2082 1471 2113 73

122 2121 278 2156 blanda:
307 2122 369 2155 alt.
397 2133 418 2156 a
443 2122 484 2156 in
510 2132 581 2156 ras.
609 2121 643 2155 V
710 2123 826 2166 portus
853 2125 889 2168 (p
917 2136 959 2159 ex
979 2136 998 2159 e
1024 2125 1082 2159 uel
1106 2126 1136 2170 t)
1165 2124 1198 2158 V
1269 2129 1313 2159 74
1338 2125 1472 2160 n'arrbo

130 2168 166 2203 V
189 2168 226 2213 (b
253 2179 296 2203 ex
322 2173 367 2203 οἱ)
402 2169 463 2214 V1)
563 2173 606 2204 75
633 2169 813 2214 opulenta
839 2172 984 2206 colonia
1010 2171 1146 2206 uienna
1173 2171 1313 2206 colonis
1344 2172 1391 2206 T¹

126 2219 168 2250 76
196 2215 327 2250 rodani
344 2215 422 2250 PT
441 2220 443 2258 ξ
466 2215 710 2251 intercissaP
771 2222 812 2252 78
840 2219 1000 2265 romani]
1026 2230 1148 2254 rerum
1163 2219 1222 2262 Pl
1246 2218 1425 2254 comert-ia
1442 2219 1474 2253 T

126 2289 168 2321 79
191 2285 315 2321 coibes
337 2286 394 2331 Vl
418 2287 487 2321 alis
503 2287 536 2321 T
581 2290 625 2322 SO
646 2266 744 2322 fluits
758 2289 790 2322 T
810 2291 814 2332 Ι
838 2290 1074 2334 acquitanica
1090 2290 1126 2324 P
1145 2291 1150 2335 Ι
1172 2289 1272 2325 laeto
1294 2289 1471 2326 Vinctus?
