1563 2511
683 102 733 109 -—
798 78 882 120 358
945 103 1002 110 -·

162 201 289 241 quam
321 185 478 227 uerius.
528 187 604 226 tua
635 185 740 226 haec
771 185 902 227 uerba
934 188 1034 226 sunt
1066 200 1090 227 a
1122 188 1164 227 te
1196 185 1304 226 mihi
1331 186 1510 240 scriptza:

66 257 144 282 vm
165 256 375 287 SOLVERE
409 256 477 299 TE,
510 256 634 294 QVOD
668 256 848 286 DEBEAS
876 256 934 285 ET
960 255 1118 286 ADHVC
1151 256 1349 300 DEBERE,
1383 257 1510 295 QVOD

95 316 136 347 18
165 315 397 346 SOLVERIS.
460 318 483 345 o
517 303 674 345 mentis
708 318 860 346 aureae
894 303 1053 345 dictum
1087 304 1367 345 bratteatum!
1405 318 1428 345 o
1461 304 1511 346 de
1533 318 1563 342 12

162 366 336 417 pectore
363 361 665 404 candidissimo
699 362 828 404 lactei
856 363 1064 405 sermonis
1094 363 1360 404 alimoniam!
1401 363 1513 418 quis-

163 428 346 477 quamne
366 424 456 463 tam
483 436 636 476 parcus
665 424 730 463 est
755 422 799 463 in
827 422 1117 464 ostentatione
1144 422 1367 463 beneficii?
1401 422 1512 476 quis-

163 496 291 536 quam
318 481 485 535 pondus
513 481 679 535 gratiae
701 495 801 522 suae
823 481 911 522 uim
933 481 1076 522 meriti
1102 481 1330 535 profitetur
1350 481 1511 523 alieni?

163 540 388 595 quisquam
435 540 616 594 denique
659 540 771 595 quod
809 540 1023 594 indulget,
1069 540 1191 594 quasi
1230 540 1283 581 ab
1325 540 1510 582 obnoxio

94 610 134 641 19
163 599 396 653 deferatur,
428 599 614 653 pretium
647 599 814 641 mauult
846 613 999 640 uocare
1033 614 1162 654 quam
1195 599 1384 641 donum?
1427 614 1510 641 cer·
1533 612 1563 636 12

161 661 255 700 tent
286 659 385 700 huic
419 657 659 699 sententiae
692 659 858 699 ueteres
891 658 958 699 illi
985 660 1028 699 et
1053 658 1272 700 Homerici
1305 661 1511 713 oratores,

162 717 333 759 subtilis
367 717 547 758 deducta
575 717 768 759 oratione
794 716 1013 758 Menelaus
1041 720 1083 758 et
1109 717 1246 759 instar
1274 717 1511 771 profundae

160 776 384 831 grandinis
426 776 576 817 ductor
606 775 878 818 Ithaeensius
913 777 954 816 et
986 776 1140 817 melleo
1177 775 1395 818 delibutus
1430 777 1511 818 elo-

161 836 259 890 quio
299 835 386 876 iam
424 835 577 876 teltiae
608 833 769 877 Nestor
808 835 983 876 aetatis:
1024 834 1096 876 sed
1134 849 1270 890 neque
1308 835 1383 876 ille
1417 850 1511 877 con-

160 895 328 935 cinnius
363 894 605 949 eloquetur,
645 894 717 948 qui
757 908 802 935 se
834 893 1047 936 Laconica
1079 894 1290 936 breuitate
1324 895 1510 950 collegit,
1533 907 1563 932 13

159 967 235 995 nec
267 953 342 994 ille
376 953 637 1008 contoitius,
670 953 742 1008 qui
776 967 871 994 cum
905 953 1103 995 sensibus
1133 954 1266 995 uerba
1298 954 1510 1009 glomer-a

160 1012 240 1067 uit,
273 1026 351 1054 nec
383 1013 466 1053 iste
500 1012 684 1066 dulcius,
718 1013 835 1053 cuius
869 1012 977 1053 lenis
1012 1013 1149 1054 oratio
1183 1013 1405 1054 mulcendo
1438 1028 1510 1068 po-

89 1083 132 1114 20
160 1071 245 1113 tius
290 1086 419 1125 quam
465 1071 756 1126 extorquendo
809 1071 1034 1126 persuasit.
1097 1072 1263 1113 soluere
1307 1074 1350 1114 te
1395 1072 1510 1125 dicis,

47 1143 141 1169 vnn
162 1131 273 1185 quod
302 1131 458 1172 debeas
486 1133 528 1172 et
555 1131 798 1172 debiturum
827 1145 932 1185 esse,
959 1145 1053 1172 cum
1082 1131 1274 1173 solueris.
1313 1131 1509 1186 Auguste

159 1190 346 1244 iuuenis,
388 1190 494 1231 caeli
534 1190 616 1231 tibi
650 1193 692 1231 et
723 1190 903 1231 humani
943 1189 1111 1244 generis
1150 1193 1289 1232 rector
1320 1189 1401 1232 hoc
1433 1190 1510 1231 tri·
1532 1202 1562 1226 13

161 1249 284 1304 buat,
314 1252 364 1291 ut
391 1249 610 1303 praelatus
639 1249 846 1303 antiquis,
880 1263 987 1303 quos
1014 1249 1145 1290 etiam
1172 1249 1389 1304 elegantia
1417 1264 1508 1291 sen-

157 1309 319 1349 tentiae
352 1308 478 1349 istius
514 1308 801 1361 antecessisti,
837 1308 984 1349 uineas
1017 1308 1192 1362 propria
1225 1309 1509 1361 singulorum:

158 1367 202 1408 in
228 1367 424 1409 Menelao
457 1367 621 1423 regiam
648 1367 963 1422 dignationem,
995 1367 1040 1407 in
1064 1366 1191 1409 Vlixe
1224 1367 1509 1422 prudentiam,

158 1427 202 1467 in
234 1426 419 1468 Nestore
454 1428 731 1468 senectutem.

87 1497 129 1527 21
247 1485 300 1527 V.
346 1484 537 1528 Subiciet
577 1486 747 1540 aliquis:
788 1486 873 1527 ista
912 1486 1083 1540 quidem
1117 1485 1295 1539 adeptus
1330 1500 1391 1539 es,
1434 1485 1508 1526 secl
1528 1500 1561 1523 11

253 1630 318 1660 127
346 1627 385 1661 Il.
413 1625 463 1660 ΠΙ
491 1629 558 1660 213
587 1622 839 1669 ἐπιτροχάδην
868 1653 873 1658 .
899 1653 904 1658 .
928 1653 933 1659 .
962 1621 1050 1659 οὐδ’
1079 1621 1377 1668 ἀφαμαρτοεπής

253 1676 317 1707 128
344 1673 386 1708 11.
414 1673 463 1706 ΙΙΙ
489 1677 557 1707 222
586 1671 678 1707 ἔπεα
704 1670 928 1716 νιφάδεσσιν
958 1669 1109 1707 ἐοικότα
1135 1673 1363 1717 χειμερίῃσιν

252 1724 319 1802 1ξὲ
345 1721 386 1803 ll.
413 1720 554 1802 lllssi25i5
582 1763 603 1812 ἢ
632 1766 695 1802 καὶ
721 1765 825 1811 γένει
849 1764 1001 1811 ’ὕστερος
1027 1759 1111 1810 ’ἧενς
1138 1765 1225 1801 ibid.
1249 1769 1316 1800 216
1343 1764 1506 1811 πολύμη-

154 1828 207 1854 τις
235 1843 240 1848 .
264 1843 270 1849 .
294 1843 300 1848 .
324 1812 541 1858 Ὀδυσσεύς-ς
569 1814 614 1850 cf.
642 1815 682 1849 Il.
712 1815 726 1847 1
754 1819 822 1850 250
837 1826 889 1859 sq.
1145 1841 1151 1845 .

252 1936 317 1966 119
352 1932 512 1966 debebas
541 1932 574 1967 G
673 1935 739 1966 120
765 1931 999 1966 bracteatum
1027 1945 1053 1965 ω
1095 1931 1371 1975 (bractheatum
1398 1930 1458 1974 M)

157 1982 222 2013 123
250 1979 394 2024 pondus
421 1990 486 2014 om.
517 1979 549 2012 T
647 1983 713 2013 124
739 1979 786 2013 ab
812 1990 877 2013 om.
908 1979 940 2012 T
1038 1982 1104 2013 128
1130 1977 1342 2022 ytacensius
1370 1977 1419 2011 M
1442 1978 1505 2022 hy-

154 2025 341 2061 tacensius
371 2026 402 2059 T
477 2030 542 2060 129
570 2026 758 2061 concinius
785 2026 816 2059 T
890 2030 953 2060 131
983 2036 1101 2070 neque
1129 2025 1161 2059 G
1184 2028 1188 2068 1
1212 2035 1295 2059 cum
1321 2023 1504 2070 sensibus]

153 2073 369 2119 3—lsensibus
400 2073 431 2107 T
529 2078 593 2108 132
628 2073 698 2107 iste
731 2083 796 2108 om.
823 2074 846 2116 f
873 2075 931 2116 (=
959 2073 1010 2108 ed.
1039 2072 1225 2116 Ferrarii)
1264 2070 1329 2106 ille
1355 2071 1507 2106 Schenkl

152 2131 250 2166 susp.
327 2123 394 2155 134
421 2120 557 2155 debeas
575 2120 635 2163 Tf
655 2120 817 2155 debebas
832 2119 950 2155 MG?
1028 2123 1093 2154 135
1121 2118 1266 2165 generis
1284 2118 1317 2153 G
1336 2129 1402 2153 om.
1421 2118 1509 2152 ΤΜ

155 2178 246 2204 crux
272 2169 313 2203 in
337 2179 451 2213 mara
479 2169 608 2203 addita
627 2167 822 2212 p›.1›z.T
849 2170 852 2212 Ι
886 2166 1075 2201 tribuebat
1101 2149 1141 2209 fn
1194 2170 1259 2201 136
1286 2165 1400 2200 etiam
1420 2170 1505 2210 post

154 2215 282 2251 uineas
309 2216 518 2261 transponit
538 2216 734 2250 Acidalzus
812 2218 875 2249 137
902 2213 1009 2249 istius
1037 2224 1102 2248 om.
1121 2213 1152 2247 T
1173 2216 1176 2257 ξ
1209 2212 1400 2248 accessisti
1427 2213 1460 2246 T

158 2266 222 2298 138
250 2263 378 2308 regina
408 2263 440 2297 T
472 2264 476 2306 Ι
511 2262 623 2297 ulisse
651 2262 690 2296 1«

248 2321 280 2357 V
316 2326 382 2357 140
409 2321 577 2357 subiciant
606 2321 662 2366 Tl
695 2320 845 2365 quidem
874 2321 906 2354 T
937 2320 1110 2365 equidem
1136 2319 1220 2354 MG
