1563 2511
799 444 938 487 XXII.

621 541 700 587 IN
713 540 746 588 C
760 541 799 588 Ε
811 541 852 588 R
865 542 902 588 Τ
915 542 950 589 O
965 542 1005 589 R
1017 541 1058 588 V
1069 542 1118 588 M

446 649 576 688 OLIM
609 648 719 687 CVM
752 649 1078 687 AVSONIAMS
1111 649 1288 687 EDITA.

856 772 872 805 Ι

124 859 290 901 ,φορ-316]
358 844 585 888 SEPTEM
618 844 959 887 SAPIENTVM
992 844 1378 888 SENTENTIAE.

124 978 139 1001 1
160 976 232 1009 [309]
678 960 785 995 BIAS
812 960 1066 996 PRIENEVS.

124 1519 155 1543 11

197 1036 420 1085 Quaenam
448 1049 615 1076 summa
640 1034 744 1075 boni
770 1034 863 1075 est?
896 1049 1017 1076 mens
1045 1048 1213 1088 semper
1234 1034 1406 1076 conscia
1425 1035 1543 1076 rect-i.

194 1095 406 1137 Pernicies
439 1093 605 1135 homini
637 1107 743 1146 quae
775 1093 993 1135 maxima?
1027 1093 1142 1135 solus
1174 1093 1304 1136 homo
1338 1094 1455 1135 alter.

196 1154 300 1203 Quis
334 1153 482 1195 diues?
517 1152 588 1207 qui
620 1152 681 1193 nil
714 1152 865 1206 cupiet.
916 1152 1011 1207 quis
1044 1151 1234 1207 pauper?
1268 1167 1433 1194 auarus.

196 1213 312 1262 Quae
345 1213 420 1254 dos
453 1211 665 1254 matronis
698 1211 1016 1265 pulcherrima?
1049 1211 1141 1253 uita
1172 1211 1337 1265 pudica.

195 1271 311 1320 Quae
345 1274 464 1314 easta
497 1270 592 1312 est?
627 1270 677 1311 de
709 1285 794 1324 qua
825 1270 998 1312 mentiri
1029 1270 1146 1312 fama
1178 1273 1358 1312 ueretur.
1523 1280 1543 1311 5

194 1331 316 1380 Quod
348 1330 572 1386 prudentis
606 1329 745 1383 opus‘?
786 1343 880 1370 cum
913 1329 1070 1383 possis,
1103 1329 1219 1371 nolle
1251 1343 1424 1370 nocere:

195 1389 306 1439 Quid
339 1389 462 1431 stulti
494 1388 746 1443 proprium?
778 1403 864 1429 non
896 1402 1023 1443 posse
1056 1391 1098 1429 et
1129 1389 1238 1429 uelle
1270 1403 1434 1430 nocere.

177 1517 248 1550 [310]
546 1503 776 1538 PITTACVS
803 1502 1163 1539 MITYLENAEVS.

193 1578 331 1632 Loqui
363 1577 601 1632 ignorabit,
634 1577 707 1630 qui
738 1579 878 1617 tacere
910 1577 1088 1618 nesciat.

193 1637 314 1678 Bono
348 1636 523 1691 probari
556 1636 668 1677 malo
702 1650 831 1689 quam
863 1635 1010 1677 multis
1042 1635 1182 1677 malis,

290 1742 303 1775 1
331 1753 356 1775 α
382 1757 426 1770 ==
453 1741 490 1775 P
510 1740 652 1782 (Paris.
681 1740 717 1775 S.
741 1740 858 1774 Germ.
881 1740 943 1774 lat.
964 1742 1074 1783 1044)
1101 1742 1133 1774 et
1158 1739 1194 1773 A
1219 1739 1485 1784 (Anyelicanus
1515 1737 1549 1772 V

194 1791 232 1830 3,
260 1791 329 1832 22)
363 1790 384 1834 β
411 1805 454 1817 --
480 1788 515 1822 L
546 1787 787 1830 (Laudianus
816 1787 924 1821 Mz‘sc.
951 1790 1016 1830 37)
1047 1790 1078 1822 et
1110 1786 1146 1821 R
1169 1786 1310 1829 (Paris.
1340 1786 1401 1821 lat.
1429 1788 1540 1829 9344)

194 1849 221 1869 ω
249 1852 292 1864 =
320 1836 391 1881 αβ,
432 1843 461 1878 ψ
494 1836 630 1870 nouitii
661 1835 832 1879 inprimis
863 1834 1149 1879 Burdeyalensis
1182 1833 1305 1868 Vineti
1346 1834 1357 1878 ΙΙ
1401 1832 1544 1877 sapien—

193 1883 287 1916 tium
313 1882 349 1916 R
375 1881 538 1926 septenis
564 1882 733 1917 uersibus
761 1881 970 1926 explicatae
997 1882 1080 1916 add.
1102 1881 1169 1928 Αβ
1195 1891 1259 1916 om.
1284 1880 1344 1926 ΡΙ
1375 1880 1545 1915 additur.-

193 1929 232 1963 in
265 1929 396 1973 quibus
430 1929 525 1973 (quis
551 1930 599 1973 L)
639 1928 783 1973 aliquid
820 1928 983 1972 ipsarum
1022 1929 1079 1963 est
1118 1929 1356 1963 obseruatum
1391 1928 1433 1961 ui:
1467 1926 1545 1961 bini

194 1975 319 2011 ultimi
344 1987 472 2011 uersus
499 1979 638 2019 (uersus
665 1975 788 2010 ultimi
814 1975 866 2021 R)
891 1987 958 2019 per
984 1975 1170 2010 antitheta
1194 1974 1371 2009 finiantur
1397 1975 1418 2019 β
1471 1974 1544 2008 No-

193 2023 296 2057 mina
335 2025 478 2068 septem
517 2023 727 2068 sapientum
766 2023 829 2067 qui
860 2022 1010 2058 fuerunt
1042 2022 1080 2056 in
1113 2022 1242 2057 diebus
1275 2021 1413 2057 ioehim
1445 2021 1544 2066 regis

194 2069 301 2106 iudee
334 2082 418 2105 cum
451 2081 522 2114 quo
556 2071 680 2104 daniel
713 2069 923 2115 captiuatus
960 2071 1017 2104 est
1053 2069 1276 2113 fueruntque
1308 2069 1347 2104 in
1377 2070 1544 2113 tempore

196 2117 307 2152 seruii
333 2117 512 2162 principis
537 2128 785 2152 romanorum.
812 2118 846 2151 A
884 2119 895 2162 Η
937 2117 1131 2161 perieneus
1158 2117 1192 2151 L
1216 2116 1433 2161 perii-,bueus
1461 2114 1498 2150 R

198 2169 214 2199 1
243 2176 390 2210 semper
416 2177 439 2199 α
466 2175 532 2199 om.
559 2165 581 2209 β
607 2175 702 2208 quae
729 2164 799 2198 sibi
825 2172 853 2205 ψ
938 2168 957 2198 2
985 2164 1177 2197 hominum
1203 2165 1239 2198 A
1337 2167 1356 2198 3
1385 2162 1465 2206 quis
1492 2161 1544 2196 nil

195 2212 246 2247 A¹
271 2215 274 2255 Ι
305 2211 444 2257 eupstet
469 2212 516 2247 al.
543 2222 634 2247 corr.
662 2211 698 2246 A
795 2216 814 2245 6
841 2209 1016 2255 prudenti
1042 2212 1076 2245 A
1099 2212 1104 2254 Ι
1136 2222 1228 2255 opus
1255 2211 1273 2246 ἕ
1301 2222 1325 2255 p
1358 2221 1441 2244 cum
1467 2209 1502 2243 A
1538 2208 1541 2254 Ι

195 2270 315 2314 possis
345 2271 381 2305 P
406 2270 525 2315 possit
551 2271 616 2317 Αβ
691 2274 709 2304 7
738 2270 836 2313 quod
865 2271 884 2316 β
907 2270 911 2312 1
934 2269 1022 2314 non]
1050 2280 1117 2303 nee
1144 2270 1178 2303 A
1211 2271 1222 2314 ΙΙ
1253 2259 1485 2304 mifihillenus
1511 2266 1546 2301 L

195 2317 383 2353 mitilenus
411 2317 448 2353 R
529 2321 548 2353 S
576 2317 718 2352 nesciat
746 2317 781 2351 P
817 2316 958 2352 nesciet
983 2316 1048 2362 Λβ
