1563 2511
661 69 979 110 —396—

150 175 356 217 memoria
387 174 585 216 fortunae
619 174 851 228 superioris
885 174 1042 216 elicuit.
1091 188 1196 227 quas
1229 188 1324 215 cum
1357 175 1496 216 occul-

148 237 240 275 tare
274 233 420 275 sedulo
447 236 675 275 conaretur
707 236 780 274 aut
811 233 933 274 uultu
965 233 1237 274 dissimulans
1270 235 1344 274 aut
1375 236 1494 274 ueste
1524 245 1563 276 10

150 293 394 347 detergens,
433 292 576 334 oculos
609 292 652 333 in
685 306 729 333 se
762 292 954 333 omnium
988 294 1030 333 et
1061 292 1246 332 maxime
1277 292 1392 346 regis
1426 292 1496 333 ad-

149 352 293 393 uertit.
355 354 447 392 tum
487 351 692 392 Alcinous
732 365 861 392 causa
904 350 1082 392 fletuum
1120 350 1312 405 cognita,
1356 352 1405 391 ut
1446 365 1495 392 ex

150 411 296 452 ordine
315 411 502 452 tolerata
522 410 761 461 dissereret,
781 409 966 464 benigne
991 409 1208 464 pollicitus
1230 408 1495 451 adhortatur.

761 583 875 618 VIIII

230 652 336 701 <Τὸν
365 653 400 689 δ’
431 651 735 701 ἀπαμειβόμενος
760 654 930 698 προς-ἐφη
956 652 1159 698 πολύμητις
1182 652 1407 701 Ὀδυσσεύς>

385 702 479 736 Tum
506 702 587 736 uice
614 701 792 736 sermonis
818 701 918 735 fatur
943 701 1111 736 Laertius
1137 701 1256 736 heros.

237 786 452 835 Quattuor
478 786 606 826 istinc
632 786 731 826 lib1i
759 785 809 826 de
830 785 970 826 Vlixis
998 800 1139 826 errore
1167 786 1357 827 contexti
1385 789 1495 828 sunt.

148 859 333 900 namque
367 845 420 886 ab
447 843 628 886 Alcinoo
662 847 840 898 rogatus
874 844 1027 886 seriem
1060 844 1312 898 multiplicis
1339 847 1494 886 erroris

148 904 343 958 exponit,
381 907 430 945 ut
462 903 514 944 ab
547 903 628 945 Ilio
661 903 878 957 profectus
910 903 1094 957 primum
1128 903 1179 944 ad
1214 901 1396 945 Ciconas
1428 903 1495 945 de·
1521 915 1541 946 5

147 963 260 1004 latus
294 963 351 1003 sit
383 964 511 1016 atque
543 963 632 1004 illic
664 965 912 1018 expugnata
943 961 1109 1004 Ismaro
1143 962 1317 1004 ciuitate
1345 963 1493 1004 multis

147 1022 318 1063 amissis
349 1021 525 1077 fugatus
555 1022 829 1075 abscesserit,
861 1024 991 1076 utque
1024 1022 1122 1063 inde
1150 1021 1333 1063 Maleam
1359 1021 1494 1063 Laco-

145 1081 267 1122 nicae
305 1081 649 1135 promontorium
685 1081 987 1135 circumegerit
1019 1095 1068 1122 ac
1100 1080 1251 1121 deinde
1284 1080 1337 1121 ad
1367 1080 1494 1122 Loto-

145 1139 312 1195 phagos
358 1139 570 1193 (uenerit,
615 1154 714 1181 mox
760 1140 813 1181 ad
859 1139 1095 1194 Cyclopum
1138 1139 1342 1193 insulam,
1387 1154 1494 1194 quae

145 1198 443 1253 Lotophagis>
496 1198 741 1253 obiacebat,
797 1213 893 1240 cum
942 1213 1029 1240 una
1077 1213 1186 1240 naue
1236 1199 1495 1252 processerit
1523 1210 1563 1241 10

147 1272 279 1312 eaque
318 1258 464 1300 sedulo
504 1258 721 1299 occultata
758 1258 849 1312 ipse
889 1272 986 1298 cum
1024 1257 1245 1299 duodecim
1284 1257 1411 1299 sociis
1449 1258 1495 1299 in

148 1319 320 1358 antrum
353 1317 609 1371 Polyphemi
641 1317 951 1371 penetrauerit:
987 1316 1060 1371 qui
1093 1317 1279 1357 cruentis
1312 1316 1493 1370 dapibus

146 1376 359 1429 expletus,
400 1391 504 1430 quas
539 1376 665 1416 caede
698 1375 909 1417 sociorum
942 1376 1032 1416 eius
1071 1375 1351 1428 instruxerat,
1391 1375 1492 1417 uino

147 1435 294 1488 etiam,
345 1435 458 1489 quod
503 1434 651 1476 Vlixes
694 1436 952 1489 ingesserat,
1002 1435 1262 1476 temulentus
1308 1449 1402 1476 cum
1448 1435 1493 1476 in

146 1508 344 1534 somnum
383 1493 700 1547 procubuisset,
740 1494 793 1535 ab
836 1492 958 1534 Vlixe
998 1496 1194 1535 caecatus
1233 1507 1393 1547 poenas
1432 1494 1492 1535 in·
1521 1504 1563 1535 15

144 1552 366 1594 manitatis
400 1553 597 1594 exsoluit.

237 1703 343 1739 VIIII
371 1708 412 1738 12
440 1703 578 1748 Vergil.
606 1704 708 1738 ΑΙΙΙ
730 1707 796 1739 618
824 1703 1054 1748 dapibusque
1082 1702 1243 1738 cruentis
1292 1703 1324 1736 A
1350 1702 1399 1737 ΠΙ
1425 1706 1492 1738 630

144 1751 312 1795 expletus
340 1751 498 1796 dapibus
524 1751 685 1795 uinoque
713 1751 880 1796 sepultus

238 1896 257 1926 9
285 1892 467 1937 superiori
492 1892 607 1927 lecuit
626 1893 685 1936 ΡΙ
707 1892 813 1927 uulta
840 1892 938 1947 Quas
959 1892 994 1926 P
1065 1897 1105 1927 11
1135 1892 1314 1937 omnium]
1343 1892 1442 1937 ome}
1459 1891 1496 1926 P

146 1965 186 1996 12
213 1961 310 2007 tum]
339 1961 430 1996 Cum
460 1963 518 2005 ΡΙ
550 1964 591 1997 ut
619 1963 655 1996 P
678 1965 720 1997 ut
746 1964 879 1997 cuncta
911 1963 1078 2008 Vyoletus
1154 1966 1195 1996 13
1222 1962 1398 1997 tollerata
1423 1963 1459 1997 P
1484 1963 1487 2007 l

143 2009 336 2043 adortatur
364 2009 400 2042 P

236 2066 341 2102 VIIII
368 2072 387 2102 2
414 2068 515 2102 uices
542 2068 727 2102 hermonis
754 2068 896 2102 fatatur
921 2068 944 2102 l.
966 2068 1072 2102 heres
1095 2067 1131 2101 P
1201 2072 1221 2102 3
1249 2070 1408 2112 quatuor
1427 2067 1487 2113 P1

142 2114 247 2149 libris
273 2114 310 2149 P
402 2119 423 2149 4
450 2114 590 2149 altinoo
617 2115 670 2149 1³²
769 2119 788 2149 6
815 2114 978 2150 hismaro
1004 2115 1041 2149 P
1137 2118 1155 2149 7
1188 2115 1288 2150 mala
1321 2126 1404 2150 eum
1436 2116 1489 2149 la-

143 2161 270 2196 conica
296 2162 333 2196 P
426 2166 446 2196 8
473 2162 605 2196 deinde
633 2162 696 2208 ad]
733 2163 779 2196 ad
806 2163 891 2196 add.
917 2163 1134 2203 Aecursius,
1166 2173 1231 2196 om.
1259 2162 1296 2196 P
1387 2166 1418 2197 9.
1449 2166 1490 2196 10

142 2208 287 2243 uenerit
315 2230 355 2233 —
383 2208 613 2254 Lotophagis
638 2210 756 2254 suppl.
786 2209 972 2253 quletus,
999 2220 1063 2244 om.
1089 2209 1124 2242 P
1222 2213 1264 2243 10
1291 2221 1373 2243 cum
1399 2209 1489 2255 una]

143 2267 225 2290 cum
251 2256 289 2290 in
315 2256 352 2290 P
424 2261 462 2290 11
495 2256 583 2292 .XII.
609 2257 644 2290 Ρ
718 2259 758 2290 12
785 2256 993 2301 poliphemi
1016 2257 1051 2290 P
1125 2260 1167 2290 14
1194 2256 1334 2302 Vlixes]
1362 2256 1490 2291 ulnoes

142 2303 178 2336 P
208 2304 213 2348 Ι
248 2300 432 2348 ingsserat
458 2304 494 2338 P
