1563 2511
647 87 964 129 —390—

761 239 856 273 XXI.

328 304 410 344 Am?
443 306 502 344 ὅτε
531 307 576 354 δὴ
603 307 722 353 πόρον
748 308 828 351 ἷξον
856 305 1023 351 ἐυρρείος
1047 312 1230 352 ποταμοῖο

324 357 507 392 Intulerat
533 357 644 391 fluuio
670 355 838 401 trepidas
864 357 954 399 fuga
979 355 1089 390 foeda
1116 358 1295 390 cateruas.

224 442 402 483 Troiani
434 456 568 496 usque
602 441 655 482 ad
683 440 932 483 Scamandri
963 440 1151 481 fluminis
1185 440 1356 482 alueum
1382 440 1489 495 fuga

135 504 179 543 et
205 504 367 543 terrore
395 500 616 555 compulsi,
649 515 745 542 cum
772 500 858 541 iam
886 500 1060 556 longius
1087 499 1270 540 abeundi
1299 499 1486 553 spatium

133 575 221 602 non
253 562 423 614 pateret
449 562 492 600 et
517 559 562 600 in
589 559 683 613 ipso
706 573 830 600 amne
850 573 945 600 cum
967 559 1126 600 flumen
1148 558 1335 599 exundat
1361 591 1487 600 .....
1515 569 1536 600 5

134 620 196 661 ibi
234 622 277 660 et
314 618 537 660 duodecim
571 618 858 660 Troianorum
896 618 1074 660 iuuenes
1108 617 1372 671 uinchmtur,
1417 617 1489 671 qui

136 678 327 720 Patrocli
364 677 532 718 inferiis
571 677 912 718 immolarentur.
980 677 1073 730 ipse
1111 676 1331 718 Vulcanus
1371 676 1490 717 ardo—

134 738 252 778 ribus
304 736 392 777 suis
446 736 533 776 uim
581 736 788 777 torrentis
834 735 984 776 exurit.
1057 738 1150 776 tum
1199 736 1244 776 in
1294 749 1490 788 campum

136 796 306 837 Achille
326 809 571 850 progresso,
590 795 754 849 passim
777 794 920 835 studia
940 794 1115 836 deorum
1136 808 1213 848 pro
1236 809 1312 835 sua
1333 793 1492 848 singuli

135 858 261 909 parte
295 854 557 909 depugnant.
614 854 896 895 Troianorum
937 853 1149 895 exercitus
1181 853 1370 894 instante
1402 853 1490 894 uic-
1521 864 1563 894 10

137 918 230 956 tore
263 913 307 954 in
339 913 512 954 moenia
544 911 662 954 urbis
694 913 946 968 inpingitur.

761 1062 876 1099 XXII.

308 1137 363 1175 ,Ως
389 1132 427 1169 οἵ
450 1133 519 1179 μὲν
546 1132 641 1169 κατὰ
669 1131 761 1168 ἄστυ
787 1131 998 1177 πεφυζότες
1023 1132 1114 1178 ἠύτε
1142 1134 1273 1178 νεβροί

307 1182 422 1216 Pulsa
447 1183 549 1216 metu
574 1181 755 1226 Phrygios
781 1181 994 1216 lustrabant
1021 1181 1172 1227 agmina
1197 1191 1332 1215 muros.

229 1266 392 1308 Hector
413 1266 624 1321 singulari
645 1266 880 1307 certamine
902 1281 998 1307 cum
1017 1265 1185 1307 Achille
1210 1265 1495 1319 congreditur,

139 1327 312 1368 Priamo
346 1328 474 1380 atque
508 1325 699 1380 Hecuba,
731 1340 783 1366 ne
815 1328 993 1380 pugnet⁷
1030 1324 1266 1378 orantibus,
1298 1323 1496 1366 Minerua

140 1401 161 1427 e
201 1386 418 1427 contrario
458 1385 598 1439 specie
636 1383 872 1439 Deiphobi,
910 1387 959 1425 ut
997 1384 1187 1438 dimicet,
1227 1383 1494 1424 adhortante.
1522 1393 1543 1424 5

138 1444 301 1486 Hector
333 1444 585 1485 interfectus
620 1446 663 1485 et
693 1444 903 1498 religatus
937 1442 989 1484 ad
1024 1458 1193 1484 currum
1232 1445 1298 1483 ter
1335 1442 1493 1484 circum

141 1505 312 1546 moenia
344 1503 531 1545 Troiana
562 1504 778 1557 raptatur:
818 1501 968 1543 deinde
1006 1503 1195 1543 lacerum
1234 1516 1388 1555 corpus
1428 1501 1495 1542 de-

143 1563 280 1604 fertur
313 1562 366 1603 ad
397 1576 541 1615 naues,
573 1561 732 1603 ultioni
758 1561 950 1603 Patrocli
982 1561 1162 1603 uictoris
1195 1561 1418 1602 iracundia
1445 1560 1497 1602 ad

142 1622 352 1663 ulteriora
385 1622 598 1676 supplicia
630 1621 949 1662 reseruandum.

242 1762 346 1796 XXII
373 1766 392 1796 6
419 1761 559 1806 Vergil.
586 1761 619 1794 A
644 1761 660 1794 Ι
686 1764 755 1795 483
787 1761 844 1795 ter
876 1760 974 1794 circa
999 1759 1132 1794 Iliacos
1166 1759 1382 1804 raptauerat
1407 1758 1500 1793 Hec-

147 1812 231 1845 tora
261 1820 394 1844 muros.
445 1809 532 1843 Ilias
564 1808 684 1842 latina
715 1807 910 1849 (Pindarus
938 1807 1068 1850 Theb.)
1099 1810 1188 1841 1006
1220 1808 1278 1840 ter
1311 1806 1410 1840 circa
1440 1808 1499 1840 tu—

148 1858 290 1892 mulum
317 1857 470 1891 miseros
497 1856 595 1900 rapit
620 1854 790 1890 Hectoris
817 1858 930 1889 artus.
958 1854 1002 1889 cf.
1030 1857 1108 1888 999.

241 1986 327 2020 XXI
356 1990 372 2020 1
401 1997 540 2020 amoro
569 1986 628 2029 P}
657 1984 1117 2030 130xcr‘wir‘euclnoratx101o
1149 1983 1185 2017 P
1258 1986 1278 2016 2
1305 1982 1413 2027 fugas
1433 1982 1499 2027 Pg

147 2034 232 2068 feda
257 2034 294 2068 P
363 2037 382 2067 3
411 2032 675 2066 stamandriP
677 2033 723 2075 ⁸1
758 2031 927 2065 Troianis
957 2058 963 2064 .
987 2058 993 2064 .
1017 2059 1024 2066 .
1052 2029 1252 2075 compulsis
1279 2029 1454 2075 Lugdun.

149 2085 170 2116 5
195 2081 342 2125 pateret
369 2081 406 2114 et
432 2080 468 2113 P
501 2081 538 2114 et
564 2091 628 2114 om.
664 2078 833 2123 Vyolctus
868 2080 872 2121 1
908 2079 1007 2123 cum]
1044 2079 1131 2111 dum
1159 2077 1311 2111 Schenkl
1336 2078 1400 2121 qui
1423 2080 1504 2120 post·

146 2128 309 2163 exundat
345 2129 515 2162 lacunam
540 2127 726 2161 indicauit
823 2129 842 2159 6
871 2125 1083 2170 duodecim]
1123 2124 1191 2158 XII
1217 2123 1323 2158 milia
1348 2124 1385 2158 P
1411 2134 1502 2158 corn

147 2176 269 2209 Paris.
307 2175 366 2219 (ab
392 2173 538 2208 Achille
565 2173 776 2216 duodecim)
812 2176 816 2215 1
851 2173 1050 2207 uincuntur
1082 2171 1118 2205 P
1142 2182 1234 2206 corr.
1255 2172 1456 2206 Accursius

145 2227 166 2258 8
193 2233 323 2266 campo
347 2222 384 2255 P
474 2225 513 2255 11
544 2221 668 2255 menia
696 2220 731 2254 P

191 2330 206 2363 t
236 2281 339 2362 XJIKJII
367 2285 384 2315 1
413 2278 637 2325 πεφυζότες]
665 2289 847 2314 ειεηοτε(
870 2278 905 2312 P
978 2282 997 2312 5
1024 2277 1223 2312 adortante
1252 2277 1288 2311 P
1360 2280 1379 2311 6
1406 2276 1499 2311 rele-

140 2340 188 2374 ga
208 2340 250 2362 us
