1563 2511
645 55 960 97 —484—

200 165 253 197 13.
282 164 338 195 14.
367 159 474 195 Ouid.
508 161 550 194 A.
583 159 617 194 II
650 163 688 203 6,
720 162 764 194 22
803 158 914 193 rubro
951 157 1092 192 Punica
1125 159 1244 193 rostra
1276 167 1383 193 croco
1415 157 1474 202 (de

292 207 408 242 ittaco
429 233 436 240 .

200 259 241 290 17
266 220 305 290 {1
332 208 525 335 Epl.)fX{V
551 265 604 298 pr.
633 257 677 288 14
708 254 766 297 tu,
799 255 840 287 ut
870 263 930 287 me
963 251 1181 297 participes,
1214 251 1367 286 delicias
1393 253 1477 285 tuas

272 328 279 335 .
304 328 310 335 .
334 327 342 335 .
395 312 414 336 e
433 313 474 335 ru
505 312 554 335 as.

202 353 340 384 12—14
354 347 473 383 Varro
489 347 681 391 Sexagesis
695 349 778 391 (489
794 346 854 391 B):
875 356 993 389 neque
1014 356 1087 390 qua
1106 344 1329 390 uagipennis
1350 346 1479 379 anates

270 394 480 440 remipedas
504 394 746 430 buxeirostris
773 394 931 438 pecudes
958 391 1157 437 paludibus
1177 394 1286 427 nocte
1305 392 1413 437 nigra
1433 391 1480 426 ad

270 442 412 477 lumina
437 441 623 487 lampadis
649 440 825 485 sequeris.

128 489 268 525 XVIIII
293 489 328 536 [I
353 490 437 535 390]
465 493 509 524 27
537 488 643 524 Ouid.
670 489 717 523 M.
744 487 760 521 Ι
789 491 854 522 148
889 487 987 521 filius
1019 488 1106 521 ante
1133 486 1232 520 diem
1257 485 1399 530 patrios
1424 484 1479 520 in-

274 536 388 580 quirit
411 537 450 571 in
477 547 603 571 annos.

129 585 197 620 XX
223 584 273 630 [II
298 583 384 629 391]
411 583 642 628 temporibus
668 580 889 626 tyrannicis:
917 578 951 615 (I
976 579 1076 615 Prof.
1097 584 1130 624 5,
1157 583 1201 614 23
1227 590 1295 614 nec
1315 578 1480 623 inquieto

271 630 501 675 temporibus
527 629 712 674 tyrannici
736 627 879 673 palatio
905 629 942 662 te
968 627 1173 662 attolleres.

131 680 177 713 ad
204 678 382 723 patriam:
410 675 444 712 (I
469 677 515 711 de
542 676 732 711 herediolo
758 675 890 709 insci-,z
917 686 1001 709 cum
1028 675 1073 708 de
1100 673 1241 718 palatio
1261 673 1415 708 redisset
1434 672 1482 707 ad

274 725 446 770 patriam.
493 722 683 767 Spartiani
707 723 822 757 Hadr.
849 726 887 764 2,
924 725 941 755 1
976 721 1105 766 quinto
1137 721 1281 755 decimo
1313 731 1408 755 anno
1435 719 1483 754 ad

275 771 437 816 patriam
464 771 585 805 rediit.

132 819 365 854 incohatum:
394 816 428 853 (I
454 817 621 852 Bissulae
646 817 762 862 praef.
792 820 810 851 7
838 815 946 850 rudia
971 817 1009 850 et
1034 814 1221 850 incohata.

137 866 182 901 de
208 864 405 900 liturariis:
433 862 466 900 (I
493 864 610 899 Cento
635 864 752 908 praef.
779 867 825 898 24
850 863 947 897 inter
972 861 1160 897 liturarios
1187 872 1299 896 meos.

228 917 248 947 6
276 912 416 956 Vergil.
454 913 499 946 A.
538 911 554 945 I
594 915 661 947 687
707 922 789 945 cum
835 910 940 945 dabit
977 909 1168 954 amplexus
1206 910 1317 952 atque
1357 907 1483 942 oscula

275 958 402 993 dulcia
425 959 527 1004 figet.

208 1011 248 1041 12
278 1006 464 1042 Censorin.
492 1005 538 1040 de
565 1006 598 1040 d.
625 1017 659 1040 n.
691 1009 744 1048 18,
772 1008 792 1039 8
819 1003 1026 1039 Metonicus
1052 1004 1200 1048 (annus)
1227 1013 1337 1046 quem
1357 1001 1485 1036 Meton

277 1053 513 1088 Atheniensis
539 1064 584 1088 ex
610 1053 715 1087 annis
741 1051 977 1096 undeuiginti
1003 1051 1198 1086 constituit
1225 1078 1232 1085 .
1256 1078 1262 1084 .
1286 1075 1293 1083 .

210 1104 251 1135 15
277 1100 439 1135 Martial.
473 1099 506 1134 II
540 1104 602 1143 59,
634 1105 654 1134 3
689 1099 819 1144 frange
850 1101 965 1133 toros.
1017 1097 1179 1133 Martial.
1207 1096 1276 1130 IIlI
1302 1100 1341 1140 8,
1375 1099 1395 1130 6
1428 1106 1486 1130 ex-

277 1148 420 1182 tructos
439 1147 609 1191 frangere
625 1175 631 1181 .
651 1172 658 1180 .
673 1148 786 1181 toros.
814 1146 953 1190 Vergil.
969 1146 1010 1179 E.
1026 1144 1113 1179 VIII
1133 1148 1177 1180 87
1198 1143 1311 1178 uiridi
1330 1144 1368 1178 in
1386 1143 1484 1177 ulua.

209 1199 250 1228 11
279 1194 374 1229 Stat.
401 1195 472 1229 Th.
499 1193 567 1228 XII
595 1198 662 1229 698
696 1194 777 1238 quis
809 1193 881 1227 fuit
911 1192 975 1227 ille
1004 1192 1095 1227 dies.
1136 1192 1227 1227 Stat.
1255 1190 1289 1226 S.
1315 1190 1332 1224 I
1356 1193 1389 1233 2,
1417 1193 1484 1224 209

279 1242 359 1285 quis
396 1241 467 1276 tibi
506 1243 595 1276 tunc
633 1241 748 1276 alacri
784 1240 985 1275 caelestum
1019 1250 1170 1274 munere
1203 1239 1318 1282 claro,
1357 1236 1485 1279 Stella,

282 1289 383 1324 dies?

136 1335 221 1370 XXI
248 1335 518 1381 Genethliacos.

277 1384 323 1417 cf.
351 1384 444 1418 Stat.
473 1383 507 1417 S.
534 1381 568 1417 II
594 1382 708 1426 praef.
736 1382 774 1416 et
799 1381 832 1415 II
860 1385 878 1415 7
907 1380 1174 1416 Genethliacon
1201 1378 1351 1414 Lucani.

232 1434 254 1463 4
281 1429 372 1465 Stat.
402 1430 437 1464 S.
465 1431 498 1463 II
527 1434 558 1473 1,
587 1433 654 1463 104
682 1430 802 1463 mutas
829 1429 943 1463 etiam
969 1439 1066 1462 nunc
1092 1437 1278 1461 murmure
1304 1436 1427 1461 uoces.

235 1481 254 1511 5
282 1477 425 1521 Vergil.
453 1476 495 1511 G.
522 1476 575 1510 III
602 1480 669 1511 388
696 1475 825 1520 lingua
850 1476 988 1520 palato.

233 1528 253 1558 8
282 1522 315 1559 (1
342 1524 440 1558 Prof.
471 1528 524 1568 17,
554 1528 595 1558 11
623 1525 761 1558 metam
788 1533 904 1567 prope
929 1521 1079 1567 puberis
1106 1521 1201 1556 aeui.

281 1569 315 1606 (I
341 1571 527 1615 Protrept.
556 1575 598 1605 73
625 1572 729 1606 motu
753 1570 830 1605 iam
855 1569 1004 1614 puberis
1031 1568 1125 1604 aeui.

212 1621 256 1652 14
283 1618 377 1653 Stat.
406 1617 439 1653 S.
467 1618 481 1651 I
509 1622 540 1660 4,
569 1622 590 1652 3
618 1618 863 1661 dubitataque
889 1616 1011 1652 sidera
1037 1615 1166 1652 cernit.

139 1664 243 1698 XXII
268 1664 534 1710 Protrepticus.

330 1711 421 1747 Stat.
449 1712 482 1748 S.
504 1712 536 1746 V
557 1716 576 1747 2
604 1711 861 1756 protrepticon
882 1710 928 1745 ad
949 1709 1172 1754 Crispinum.
1211 1708 1389 1744 Trebellii
1407 1707 1488 1742 Pol-

283 1759 393 1794 lionis
420 1758 583 1794 Gallieni
615 1758 688 1793 duo
715 1762 778 1801 20,
814 1762 849 1793 1:
884 1757 1029 1792 Marcus
1056 1757 1201 1791 Tullius
1226 1756 1264 1791 in
1289 1755 1488 1790 Hortensio

282 1818 391 1850 quem
423 1806 471 1841 ad
503 1806 712 1850 exemplum
744 1804 970 1848 Protreptici
996 1804 1155 1848 scripsit.
1206 1804 1251 1839 cf.
1281 1803 1487 1847 symmach.

282 1865 338 1898 ep.
366 1854 381 1887 Ι
408 1857 450 1888 31
480 1855 606 1897 (supra
631 1853 699 1897 Ep.
727 1852 742 1885 I
768 1854 826 1896 26)
854 1850 887 1887 (I
913 1852 979 1895 Ep.
1008 1852 1041 1886 II
1067 1854 1122 1885 40.

137 1899 255 1945 praef.
296 1904 317 1934 5
362 1900 492 1934 audita
534 1899 716 1935 uelocius:
765 1899 893 1933 Horat.
932 1899 1002 1933 Ars
1043 1902 1109 1933 180
1148 1897 1296 1943 segnius
1334 1896 1491 1931 inritant

283 1946 427 1981 animos
472 1947 633 1981 demissa
675 1958 741 1991 per
779 1957 922 1988 aurem,
968 1956 1080 1990 quam
1120 1956 1213 1990 quae
1252 1945 1337 1980 sunt
1375 1942 1491 1978 oculis

283 1995 451 2029 subiecta
476 1993 659 2028 fidelibus.

214 2045 258 2076 22
285 2041 342 2080 δὶς
368 2042 502 2080 παῖδες
528 2039 567 2074 οἷ
589 2039 777 2084 γέροντεςε
804 2039 1025 2085 Diogenian.
1052 2039 1121 2073 IIII
1151 2043 1193 2074 18
1220 2040 1257 2073 et
1283 2041 1339 2074 31.

286 2087 340 2122 Pl.
374 2087 486 2123 Merc.
519 2086 553 2121 Π
592 2092 629 2128 2,
667 2091 712 2121 24
751 2087 855 2121 aiunt
893 2087 1011 2121 solere
1044 2097 1128 2121 eum
1160 2087 1312 2130 (senem)
1344 2095 1491 2120 rursum

284 2145 553 2180 repuerascere.
606 2133 640 2170 (I
665 2134 762 2168 infra
787 2146 821 2168 u.
849 2137 903 2168 55.

286 2182 528 2226 Symmachus
565 2193 622 2226 ep.
662 2181 730 2216 IIII
763 2184 826 2218 20.
860 2184 899 2215 2:
939 2180 1025 2214 dum
1065 2180 1162 2214 filius
1201 2190 1304 2214 meus
1343 2178 1491 2214 Graecis

285 2229 421 2264 litteris
441 2229 622 2272 initiatur,
642 2239 712 2273 ego
733 2239 792 2262 me
813 2227 933 2262 denuo
955 2227 1087 2261 studiis
1109 2227 1186 2261 eius
1207 2227 1312 2262 uelut
1325 2225 1492 2270 aequalis

288 2275 457 2319 adiunxi3
478 2286 737 2321 repuerascere
760 2274 859 2309 enim
873 2286 940 2309 nos
954 2275 1075 2320 pietas
1090 2274 1206 2318 iubet,
1228 2275 1270 2308 ut
1282 2273 1492 2308 litterarum

288 2323 483 2358 dulcedine
509 2323 636 2358 liberis
664 2322 800 2358 nostris
825 2322 932 2357 labor
957 2321 1203 2367 participatus
1230 2320 1404 2355 insinuet.
