1563 2511
583 53 896 94 —379—

68 157 192 198 deum
224 160 424 211 precatur
455 157 652 199 ultorem.
701 157 895 198 insecuta
928 158 1106 199 subinde
1132 158 1257 213 graui
1282 158 1412 213 pesti-

66 216 199 257 lentia
253 230 347 257 cum
398 215 660 258 Graecorum
712 217 921 257 exercitus
971 217 1186 270 interiret,
1243 217 1412 271 cogitur

69 274 227 316 Achilli
260 274 489 316 concilium
522 277 564 316 et
596 275 649 316 ab
683 274 831 316 eodem
863 275 1023 316 inuitus
1057 274 1238 317 Calchas
1272 276 1412 317 morbi

66 348 238 375 causam
265 333 537 387 compellitur
563 333 761 374 indicare.
813 348 897 388 qua
918 335 1090 387 cognita
1109 334 1410 389 Agamemnon

8 393 10 435 J
66 392 305 433 concitatur
336 392 379 433 in
411 391 639 434 Achillem.
702 391 773 446 qui
805 392 993 445 percitus
1027 393 1248 434 iracundia
1281 393 1410 434 etiam

8 462 9 468 ¹
65 451 237 492 caedem
275 451 390 505 regis
424 451 626 504 audebat,
663 450 748 491 nisi
787 465 882 492 eum
914 451 959 492 in
991 451 1191 492 ultimum
1223 451 1409 492 furorem

7 542 8 545 η
63 510 266 563 progredi
297 509 745 551 Minerua'uetuisset.
808 525 832 550 a
864 524 946 564 quo
980 509 1142 550 Briseis
1176 510 1411 551 concubina

6 564 8 613 f
63 569 107 608 in
150 569 291 609 locum
332 566 599 621 Chryseidis,
644 583 751 622 quae
789 569 1065 621 reddebatur,
1111 568 1296 609 abducta
1335 572 1410 610 est.

62 626 159 667 inde
181 626 330 667 Thetis
363 628 502 668 mater
535 626 587 667 ad
619 627 784 668 caelum
809 626 1008 668 lacrimas
1038 631 1079 668 et
1106 627 1411 668 contumeliam

62 685 142 726 filii
174 685 378 726 miserata
408 685 706 739 proficiscitur.
760 700 866 739 quae
899 685 1055 727 fiducia
1088 685 1250 726 defensi
1281 698 1410 739 quon-

4 766 6 799 3
63 744 160 785 dam
195 758 290 785 cum
322 744 522 799 Aegeone
555 743 671 785 Iouis
710 745 847 785 ultum
885 745 948 786 ire
989 743 1177 785 adfectat
1208 744 1411 785 iniuriam

63 803 388 858 obtestaturque
421 818 635 844 summum
668 803 857 857 deorum,
890 805 936 844 ut
962 803 1175 844 Troianos
1208 803 1251 843 in
1283 803 1409 844 rebus

0 867 4 918 ¹J
61 862 228 903 bellicis
275 862 514 916 superiores
561 876 653 903 esse
691 862 891 916 patiatur.
959 862 1113 916 quibus
1152 861 1258 903 Iuno
1297 876 1410 903 com-

0 920 3 959 ῗ
61 921 194 974 pertis
226 921 428 962 iracunde
462 921 689 962 aduersum
723 921 951 976 coniugem
978 923 1284 962 commonetur.
1336 920 1408 961 sed

1440 346 1480 375 10

1441 640 1481 669 15

0 992 2 1026 ζ
62 980 247 1034 gliscens
274 980 473 1034 iurgium,
500 994 575 1033 per
601 980 880 1020 deridiculum
907 979 1179 1020 ministrante
1199 978 1409 1032 Vulcano,
1442 992 1447 993 ⁷

0 1032 2 1083 ᾗ
63 1038 188 1080 simul
221 1039 391 1080 consilii
424 1039 563 1092 specie
596 1038 899 1091 intercedente,
933 1039 1102 1079 lenitur.

710 1143 754 1176 II.

197 1210 312 1248 ’Άλλοι
338 1213 406 1257 μέν
433 1210 480 1257 ῥα
506 1213 598 1248 θεοί
619 1225 657 1247 τε
685 1212 747 1247 καὶ
775 1209 906 1255 ἀνέρες
933 1209 1210 1256 ἱπποκορυσταί

204 1255 318 1295 εὗδον
344 1257 563 1304 παννύχιοι,
597 1261 670 1293 Δία
698 1256 736 1293 δ’
764 1257 831 1294 οὐκ
860 1259 919 1304 ἔχε
946 1257 1111 1304 νήδυμος
1136 1256 1265 1299 ὕπνος.

204 1330 390 1365 Caelestes
415 1330 682 1374 hominumque
709 1341 824 1375 genus
854 1330 1062 1375 superabile
1089 1330 1184 1364 curis

204 1377 421 1421 Tranquilla
447 1377 595 1412 obscuri
621 1377 824 1422 carpebant
849 1387 1003 1411 munera
1029 1377 1158 1412 somni.

201 1426 251 1460 At
275 1435 348 1459 non
373 1425 595 1470 peruigilem
621 1436 693 1459 nox
719 1424 924 1468 inrequieta
950 1425 1143 1459 tonantem

202 1471 343 1515 Leniit‚
371 1472 576 1507 inmodicos
603 1472 816 1506 uoluentem
843 1472 952 1506 corde
978 1473 1148 1516 paratus,

203 1518 386 1554 Caedibus
413 1521 453 1553 ut
481 1519 632 1553 Graium
657 1519 801 1553 laesum
826 1518 1030 1553 ulciscatur
1055 1517 1252 1552 Achillem.

148 1590 341 1645 Iuppiter
374 1591 743 1646 Agamemnonem
778 1591 944 1632 somnio
978 1593 1124 1632 monet
1156 1590 1310 1644 proelii
1344 1589 1407 1631 fa-

61 1651 196 1692 ciendi
228 1654 398 1704 tempus
426 1650 590 1691 adesse:
624 1664 677 1690 ne
703 1652 925 1691 cunctetur
951 1650 1164 1690 dimicare.
1214 1651 1306 1690 tum
1334 1649 1407 1690 ille

155 1754 187 1788 Il
221 1759 239 1789 3
274 1754 457 1789 Ausonius
497 1754 602 1798 epist.
630 1753 746 1788 XXIII
774 1757 793 1788 5
832 1753 907 1787 iam
939 1753 1107 1787 uolucres
1144 1752 1406 1796 hominumque

61 1812 175 1846 genus
202 1801 410 1846 superabile
431 1801 537 1836 curis.
613 1805 634 1835 4
661 1800 799 1845 Vergil.
822 1799 853 1833 A
874 1800 941 1835 llll
963 1804 1028 1835 555
1052 1801 1230 1845 carpebat
1249 1810 1405 1835 somnos.

155 1901 187 1931 8.
215 1900 234 1931 9
262 1895 390 1940 cogitfi
417 1895 553 1930 achille
574 1895 610 1929 P
631 1906 720 1930 corr.
742 1895 870 1937 Peiper
895 1895 955 1937 (ab
982 1894 1128 1929 Achille
1154 1894 1322 1938 Schenkl)
1349 1904 1407 1928 eo-

61 1944 118 1988 git
148 1946 229 1978 tum
259 1942 425 1978 Achilles
453 1943 584 1977 Ham-tel
683 1946 725 1976 10
752 1942 839 1986 quia
867 1942 918 1975 ΡΒ
951 1944 955 1984 Ι
997 1952 1204 1986 agamenon
1232 1941 1268 1974 P
1364 1945 1407 1975 14

63 1989 257 2025 chriseidis
285 1991 342 2034 ΡΙ
366 2000 459 2033 quae
484 1989 583 2033 patri
608 1989 832 2023 reddebatur
857 1989 1045 2024 Auantius
1130 1993 1172 2023 16
1198 1987 1409 2033 profiscitur

7 2058 15 2059 ff
59 2038 110 2072 PS
132 2039 136 2082 Ι
160 2038 317 2072 condam
346 2038 395 2071 ps
470 2041 511 2071 17
537 2037 589 2070 ire
617 2037 665 2070 Pe
690 2047 779 2071 corr.
800 2037 989 2071 Aua‘ntius
1010 2037 1016 2081 1
1040 2035 1229 2071 affectanti
1256 2035 1293 2069 P
1316 2046 1406 2070 corr.

61 2084 212 2120 Schenkl
311 2088 352 2118 19
380 2084 576 2128 superioris
604 2084 653 2118 ΡΒ
749 2088 791 2118 21
820 2083 985 2118 consiliis
1014 2084 1111 2128 petie
1138 2083 1173 2117 P

153 2143 187 2176 II
233 2148 249 2177 1
277 2145 451 2178 aakomen
480 2143 514 2176 Ρ
552 2144 557 2186 1
596 2153 880 2187 Irnrossopyc‘rar
909 2143 945 2176 P
1039 2147 1058 2177 2
1087 2144 1282 2186 εγλοιὶπλῌ.
1308 2153 1407 2185 ymor

62 2200 120 2226 ma
159 2200 225 2226 ΠΟΥ
250 2201 503 2235 xexenflaynoc
529 2201 634 2224 nmoc
659 2190 695 2224 P
774 2195 793 2224 3
821 2189 1032 2232 suparabile
1060 2190 1108 2224 P‘³
1180 2194 1201 2222 4
1228 2188 1407 2232 carpebat

61 2237 118 2281 ΡΙ
141 2238 306 2280 munera]
334 2237 461 2271 mundi
487 2237 523 2271 P
610 2241 629 2271 5
657 2237 745 2283 nox]
773 2248 839 2272 nos
866 2237 914 2271 P³
998 2241 1018 2271 8
1047 2246 1310 2282 agamenonem
1338 2235 1375 2269 P
1399 2234 1402 2280 Ι

63 2295 190 2319 somno
223 2284 388 2330 Vyolctus
410 2286 413 2328 Ι
437 2285 545 2329 prelii
572 2285 607 2318 Ρ
