1563 2511
580 77 898 118 —417—

711 226 772 261 VI.

2 298 66 330 [107
86 298 250 330 Antholog.
272 297 395 324 Salmas.
415 298 466 323 263
476 297 523 328 R]

449 343 501 378 IN
529 343 732 379 PVERVM
757 343 1036 379 FORMOSVM.

74 428 186 469 Dum
219 428 390 469 dubitat
421 430 592 481 natura,
625 442 786 469 marem
818 427 1031 469 faceretne
1064 429 1266 482 puellam:

132 486 288 528 Factus
322 502 384 542 es,
417 502 441 529 o
474 487 668 541 pulcher,
699 500 833 541 paene
866 487 1024 540 puella,
1056 501 1172 540 puer.

705 649 783 684 VII.

5 745 75 775 [vn]
490 731 552 766 DE
578 730 745 766 MATRE
771 730 991 766 AVGVSTI.

75 816 186 856 Ante
220 830 365 857 omnes
400 815 502 857 alias
534 816 636 856 felix
668 818 815 856 tamen
846 815 927 856 hoc
961 828 1039 870 ego
1073 815 1204 869 dicar,

135 872 233 915 Siue
265 874 482 916 hominem
514 874 662 929 peperi
694 874 856 915 femina
890 874 979 914 siue
1011 874 1164 915 uirum.

697 1035 792 1071 VIII.

6 1132 70 1162 [w
90 1131 170 1162 Epit.
181 1131 262 1162 xxx]
653 1117 834 1153 DIDONI.

76 1202 232 1244 Infelix
265 1202 395 1256 Dido,
425 1202 535 1243 nulli
565 1202 672 1243 bene
703 1204 839 1256 nupta
871 1200 1042 1242 marito:

137 1261 230 1303 Hoc
261 1263 466 1316 pereunte
498 1261 632 1315 fugis,
662 1261 743 1302 hoc
775 1260 965 1315 fugiente
997 1260 1123 1314 peris.

694 1434 806 1468 vnn.
841 1425 844 1427 ’

597 1517 660 1550 AD
688 1515 890 1550 AMICAM.

79 1601 189 1643 Ecce
222 1602 350 1642 rubes
382 1614 459 1641 nec
492 1614 620 1641 causa
652 1600 811 1641 subest.
862 1613 928 1640 me
960 1601 1069 1640 teste
1101 1597 1279 1653 pudicus

79 1659 166 1702 Iste
198 1664 297 1702 tuus
331 1659 501 1713 culpam
533 1659 669 1700 nescit
700 1659 857 1700 habere
889 1658 1033 1699 rubor.

176 1787 226 1822 VI
256 1791 271 1821 1
300 1787 385 1822 Hor.
414 1786 448 1820 S.
477 1786 492 1820 1
520 1790 552 1829 8,
573 1790 593 1820 2
619 1786 782 1821 incertus
809 1795 998 1820 scamnum
1025 1784 1211 1819 faceretne
1237 1783 1422 1828 Priapum.

174 1892 226 1927 VI
258 1893 425 1938 Vyoletus
445 1892 496 1926 ed.
511 1895 595 1936 post
615 1902 641 1926 c.
666 1890 835 1925 XXXV
910 1894 926 1924 1
955 1889 1051 1924 Dum
1078 1890 1112 1923 V
1135 1901 1217 1924 cum
1237 1889 1272 1923 A
1296 1889 1299 1934 l
1327 1889 1423 1923 face-

80 1951 138 1975 rer
169 1939 203 1974 V
295 1944 314 1974 2
341 1941 448 1974 natus
475 1950 512 1973 es
539 1939 614 1973 cod.
635 1938 892 1972 Salmasianus
919 1938 924 1983 Ι
956 1948 1050 1982 pene
1084 1937 1158 1971 VA

176 1999 243 2033 VH
271 2000 369 2034 <ledit
393 1999 457 2033 hoc
481 1998 723 2043 fraymentmn
742 1997 930 2032 Amantius
956 1997 997 2030 ivn
1023 1996 1074 2030 ed.
1099 1994 1250 2030 Venetff
1274 2007 1306 2030 α.
1329 1997 1425 2029 1507

77 2050 160 2091 post
181 2046 395 2090 Sulpiciam.
473 2049 489 2078 1
518 2045 629 2079 foelix
648 2045 684 2079 A
717 2044 722 2089 l
757 2044 859 2078 dicar
879 2043 1051 2088 Luydun.
1081 2042 1184 2077 dicor
1204 2042 1239 2075 A
1313 2046 1332 2075 2
1359 2041 1423 2074 ho-

82 2094 219 2128 minem
246 2094 280 2127 A
319 2093 427 2127 deum
453 2092 625 2136 Luydun.
658 2093 662 2136 Ι
696 2090 858 2126 foemina
883 2092 917 2125 A

179 2151 263 2185 VIII
289 2151 551 2195 Luydunenses
571 2151 761 2185 ediderunt
776 2161 814 2194 29.
829 2152 904 2185 264
923 2152 1006 2194 post
1029 2149 1112 2193 epit.
1131 2147 1213 2182 XX
1222 2147 1308 2181 VII
1323 2148 1424 2189 (244)

179 2210 282 2244 VIIII
303 2213 334 2245 et
354 2209 386 2242 X
412 2210 508 2244 inter
533 2213 698 2254 excerpta
718 2220 761 2243 εκ
780 2208 947 2243 Ausonio
971 2208 1076 2242 habet
1096 2218 1124 2251 p
1149 2206 1287 2249 (Paris.
1302 2208 1427 2240 15275

84 2269 111 2293 s.
129 2257 196 2291 XI
198 2258 223 2290 I
226 2258 252 2290 I
248 2262 282 2300 ):
309 2257 468 2292 Ausonii
493 2267 567 2291 non
584 2257 748 2291 suntsed
769 2255 982 2301 posterioris
1002 2255 1095 2289 aeui.
1184 2256 1202 2286 1
1233 2248 1266 2286 (l
1293 2263 1376 2288 ecce
1397 2262 1426 2296 p

132 2309 152 2338 2
180 2305 291 2339 rubor
318 2304 521 2347 Baehrens,
553 2303 671 2349 pudor
692 2314 720 2348 p

156 2369 329 2396 Avsomvs.
1171 2363 1213 2392 <27
