1563 2511
0 178 89 236 ἰ[205]
169 191 247 226 XV.
290 187 570 225 NEPOTIANO
598 187 920 223 GRAMMATICO
947 188 1100 223 EIDEM
1124 189 1349 226 RHETORI.

202 274 372 326 Facete,
404 273 556 326 comis,
588 272 730 313 animo
762 272 950 314 iuuenali
983 287 1133 327 senex,

201 332 280 375 Cui
311 332 408 373 felle
441 332 579 384 nullo,
611 331 736 371 melle
768 332 905 372 multo
938 345 1058 372 mens
1090 333 1265 375 madens

199 392 367 433 Aeuum
397 404 473 444 per
505 403 630 431 omne
661 389 724 430 nil
757 404 950 431 amarum
981 391 1172 432 miscuit:

198 449 382 491 Medella
411 449 567 502 nostri,
597 447 858 502 Nepotiane,
891 449 1095 503 pectoris,

199 509 305 550 Tam
341 507 547 549 seriorum
580 521 708 561 quam
739 507 931 548 iocorum
962 508 1190 563 particeps,
1406 523 1425 553 5

200 567 449 616 Taciturne,
482 566 684 620 Amyclas
717 566 790 619 qui
824 566 989 607 silendo
1020 567 1193 609 uiceris:

199 625 258 668 Te
290 625 555 667 fabulantem
587 638 673 665 non
704 623 852 665 Vlixes
883 625 1114 680 linqueret,

198 685 346 739 Liquit
377 686 577 725 canentes
610 683 683 737 qui
714 684 904 725 melodas
935 684 1143 739 uirgines:

198 744 337 785 Probe
370 745 413 783 et
443 742 613 797 pudice,
644 756 788 796 parce,
820 742 953 798 frugi,
986 743 1212 795 abstemie,

197 801 413 855 Facunde,
443 801 551 842 nulli
581 800 804 842 rhetorum
837 802 988 843 cedens
1021 802 1119 843 stilo
1382 815 1424 846 10

197 861 257 902 Et
288 861 532 915 disputator
564 859 616 900 ad
649 857 888 901 Cleanthen
921 859 1129 902 Stoicum:

199 919 404 962 Scaurum
434 918 707 973 Probumque
740 919 866 960 corde
898 919 1058 960 callens
1090 920 1241 961 intimo

196 978 254 1020 Et
285 978 465 1031 Epirote
498 976 630 1018 Cinea
661 991 826 1018 memor
857 977 1014 1032 magis:

199 1037 367 1080 Sodalis
401 1039 442 1077 et
473 1036 715 1091 conuictor,
745 1036 902 1090 hospes
935 1036 1112 1091 iugiter:

198 1096 354 1137 Parum
387 1095 499 1149 quod
530 1095 705 1148 hospes,
737 1094 893 1136 mentis
927 1096 1118 1149 agitator
1149 1110 1278 1137 meae.
1382 1108 1423 1138 15

198 1154 388 1196 Consilia
417 1154 559 1194 nullus
592 1156 734 1194 mente
765 1156 855 1194 tam
887 1168 993 1207 pura
1025 1154 1142 1195 dedit

197 1213 277 1254 Vel
310 1212 462 1254 altiore
495 1211 669 1253 conditu
700 1212 809 1253 texit
841 1211 952 1253 data.

198 1272 374 1313 Honore
407 1271 519 1326 gesti
549 1270 818 1325 praesidatus
850 1271 1041 1324 inclitus,

197 1330 348 1372 Decies
379 1344 569 1371 nouenas
601 1329 772 1371 functus
806 1343 1015 1371 annorum
1047 1330 1180 1384 uices,

198 1388 318 1431 Duos
348 1389 596 1443 relinquens
627 1389 787 1430 liberos
822 1391 959 1429 morte
992 1389 1180 1443 oppetis,
1379 1401 1423 1432 20

197 1448 357 1490 Dolore
389 1448 525 1489 multo
557 1449 647 1488 tam
679 1450 850 1489 tuorum
883 1461 1012 1501 quam
1043 1462 1151 1489 meo.

10 1594 84 1627 [206]
315 1580 410 1615 XVI.
455 1579 688 1615 AEMILIVS
715 1579 917 1614 MAGNVS
942 1579 1186 1615 ARBORIVS

521 1633 722 1668 RHETOR
746 1633 976 1668 TOLOSAE.

78 1717 196 1759 Inter
227 1720 433 1773 cognatos
466 1718 552 1759 iam
583 1718 725 1771 fietus,
758 1718 982 1771 auuncule,
1015 1733 1161 1760 manes

137 1776 254 1818 Inter
284 1777 524 1818 rhetoricos
555 1791 668 1818 nunc
700 1776 1000 1818 memorandus
1034 1777 1128 1818 eris.

78 1835 191 1876 Illud
223 1850 329 1889 opus
360 1836 516 1890 pietas,
547 1836 664 1876 istud
694 1835 928 1876 reuerenda
960 1836 1150 1877 uirorum

137 1893 326 1935 Nomina
356 1909 434 1948 pro
467 1895 633 1948 patriae
665 1894 886 1949 relligione
918 1894 1117 1936 habeant.

172 2033 239 2066 XV
265 2035 385 2067 cmm}
412 2033 481 2068 mn*
509 2046 635 2068 RETORI
661 2033 696 2067 V
739 2034 856 2068 metro
882 2033 1043 2069 iambico
1070 2033 1215 2068 senario
1237 2035 1282 2069 αῖ.
1307 2046 1421 2080 mary.

87 2079 120 2112 V
212 2084 231 2114 2
258 2080 338 2114 felli
370 2080 416 2114 Vl
531 2085 551 2115 3
578 2081 710 2115 aebum
740 2079 786 2114 V¹
895 2084 917 2115 4
951 2081 1068 2116 nostri
1092 2081 1238 2116 medela
1272 2081 1422 2116 Vinetas

128 2130 146 2160 6
174 2126 327 2162 amiclas
361 2127 395 2160 V
499 2131 519 2162 8
546 2126 665 2171 liquid
698 2127 731 2161 V
837 2132 856 2162 9
894 2129 999 2172 prole
1033 2128 1067 2162 V
1093 2138 1183 2162 corr.
1211 2129 1383 2173 Luydun.
1414 2129 1417 2173 Ι

79 2174 281 2208 abstemiae
314 2174 360 2208 Vl
460 2178 502 2209 10
528 2176 692 2209 retorum
726 2174 772 2207 1⁷¹
883 2179 926 2210 15
952 2186 1055 2210 maee
1080 2179 1120 2209 ut
1145 2177 1221 2210 uid.
1257 2175 1303 2208 Vl
1338 2186 1419 2220 mee

81 2223 115 2261 (a
141 2221 220 2264 del.)
254 2220 302 2254 V2
328 2222 457 2264 (maSza
490 2221 551 2255 171³
576 2222 678 2266 ma&
711 2221 787 2264 V22)
898 2226 942 2257 20
967 2222 1102 2257 liueros
1124 2222 1170 2256 Vl
1206 2224 1210 2265 1
1244 2222 1363 2256 morte
1392 2221 1425 2254 V

78 2269 235 2302 mortem
261 2267 421 2313 Sccdz'yer
515 2272 557 2302 21
585 2269 677 2304 deest
701 2269 726 2311 f.
754 2272 803 2304 12
831 2270 876 2304 ab
901 2270 934 2303 h.
961 2281 995 2304 u.
1023 2270 1072 2304 ad
1097 2280 1123 2304 c.
1148 2269 1289 2302 XXII
1311 2279 1363 2303 esc.
1391 2267 1425 2301 V
