<?xml version="1.0" encoding="UTF-8"?>
<!DOCTYPE html PUBLIC "-//W3C//DTD XHTML 1.0 Transitional//EN"
    "http://www.w3.org/TR/xhtml1/DTD/xhtml1-transitional.dtd">
<html xmlns="http://www.w3.org/1999/xhtml" xml:lang="en" lang="en">
 <head>
  <title>
</title>
<meta http-equiv="Content-Type" content="text/html;charset=utf-8" />
  <meta name='ocr-system' content='tesseract 3.04.00' />
  <meta name='ocr-capabilities' content='ocr_page ocr_carea ocr_par ocr_line ocrx_word'/>
</head>
<body>
  <div class='ocr_page' id='page_1' title='image "./opuscula00ausouoft_0107.png"; bbox 0 0 1563 2511; ppageno 0'>
   <div class='ocr_carea' id='block_1_1' title="bbox 626 80 936 110">
    <p class='ocr_par' dir='ltr' id='par_1_1' title="bbox 626 80 936 110">
     <span class='ocr_line' id='line_1_1' title="bbox 626 80 936 110; baseline 0 0"><span class='ocrx_word' id='word_1_1' title='bbox 626 92 678 96; x_wconf 87' lang='lat'><strong>—</strong></span> <span class='ocrx_word' id='word_1_2' title='bbox 743 80 822 110; x_wconf 87' lang='lat' dir='ltr'>CIII</span> <span class='ocrx_word' id='word_1_3' title='bbox 889 94 936 99; x_wconf 90' lang='lat'>—</span> 
     </span>
    </p>
   </div>
   <div class='ocr_carea' id='block_1_2' title="bbox 108 172 1451 228">
    <p class='ocr_par' dir='ltr' id='par_1_2' title="bbox 108 172 1451 228">
     <span class='ocr_line' id='line_1_2' title="bbox 108 172 1451 228; baseline 0.002 -14"><span class='ocrx_word' id='word_1_4' title='bbox 108 172 292 226; x_wconf 70' lang='lat' dir='ltr'>377s378</span> <span class='ocrx_word' id='word_1_5' title='bbox 327 172 499 214; x_wconf 87' lang='lat' dir='ltr'>Pontii</span> <span class='ocrx_word' id='word_1_6' title='bbox 544 172 748 214; x_wconf 80' lang='lat' dir='ltr'>Paulini</span> <span class='ocrx_word' id='word_1_7' title='bbox 791 178 914 228; x_wconf 85' lang='lat' dir='ltr'>pater</span> <span class='ocrx_word' id='word_1_8' title='bbox 956 177 1063 218; x_wconf 84' lang='lat' dir='ltr'>obiit</span> <span class='ocrx_word' id='word_1_9' title='bbox 1102 181 1160 226; x_wconf 79' lang='lat' dir='ltr'>(de</span> <span class='ocrx_word' id='word_1_10' title='bbox 1193 180 1451 217; x_wconf 81' lang='lat' dir='ltr'>coniunctione</span> 
     </span>
    </p>
   </div>
   <div class='ocr_carea' id='block_1_3' title="bbox 225 229 1453 320">
    <p class='ocr_par' dir='ltr' id='par_1_3' title="bbox 225 229 1453 320">
     <span class='ocr_line' id='line_1_3' title="bbox 225 229 1453 320; baseline 0.007 -59"><span class='ocrx_word' id='word_1_11' title='bbox 225 229 596 320; x_wconf 40' lang='lat' dir='ltr'>§aXrssfitluiiiwAusonii</span> <span class='ocrx_word' id='word_1_12' title='bbox 631 233 666 264; x_wconf 73' lang='lat' dir='ltr'>et</span> <span class='ocrx_word' id='word_1_13' title='bbox 698 229 845 265; x_wconf 80' lang='lat' dir='ltr'>Paulini</span> <span class='ocrx_word' id='word_1_14' title='bbox 878 231 951 267; x_wconf 83' lang='lat' dir='ltr'>uid.</span> <span class='ocrx_word' id='word_1_15' title='bbox 978 232 1043 278; x_wconf 88' lang='lat' dir='ltr'>Ep.</span> <span class='ocrx_word' id='word_1_16' title='bbox 1071 233 1210 269; x_wconf 86' lang='lat' dir='ltr'><strong>XXVII</strong></span> <span class='ocrx_word' id='word_1_17' title='bbox 1238 238 1280 269; x_wconf 88' lang='lat'>10</span> <span class='ocrx_word' id='word_1_18' title='bbox 1308 237 1343 270; x_wconf 81' lang='lat' dir='ltr'>et</span> <span class='ocrx_word' id='word_1_19' title='bbox 1371 238 1453 280; x_wconf 85' lang='lat'>106,</span> 
     </span>
    </p>
   </div>
   <div class='ocr_carea' id='block_1_4' title="bbox 108 324 1452 431">
    <p class='ocr_par' dir='ltr' id='par_1_4' title="bbox 108 324 1452 431">
     <span class='ocr_line' id='line_1_4' title="bbox 108 324 1452 384; baseline 0.005 -19"><span class='ocrx_word' id='word_1_20' title='bbox 108 325 191 366; x_wconf 79' lang='lat'>378</span> <span class='ocrx_word' id='word_1_21' title='bbox 226 324 439 366; x_wconf 86' lang='lat' dir='ltr'>Pontius</span> <span class='ocrx_word' id='word_1_22' title='bbox 478 325 718 374; x_wconf 80' lang='lat' dir='ltr'>Paulinus</span> <span class='ocrx_word' id='word_1_23' title='bbox 759 328 950 370; x_wconf 85' lang='lat' dir='ltr'>Ausonio</span> <span class='ocrx_word' id='word_1_24' title='bbox 1002 330 1264 384; x_wconf 79' lang='lat' dir='ltr'>suffragante</span> <span class='ocrx_word' id='word_1_25' title='bbox 1305 331 1452 372; x_wconf 81' lang='lat' dir='ltr'>consul</span> 
     </span>
     <span class='ocr_line' id='line_1_5' title="bbox 225 383 1452 431; baseline 0.004 -5"><span class='ocrx_word' id='word_1_26' title='bbox 225 383 428 426; x_wconf 72' lang='lat' dir='ltr'>suffectus</span> <span class='ocrx_word' id='word_1_27' title='bbox 467 384 664 428; x_wconf 84' lang='lat' dir='ltr'>Valentis</span> <span class='ocrx_word' id='word_1_28' title='bbox 705 387 750 427; x_wconf 87' lang='lat' dir='ltr'>in</span> <span class='ocrx_word' id='word_1_29' title='bbox 792 388 945 430; x_wconf 81' lang='lat' dir='ltr'>locum.</span> <span class='ocrx_word' id='word_1_30' title='bbox 997 391 1095 429; x_wconf 86' lang='lat' dir='ltr'>ante</span> <span class='ocrx_word' id='word_1_31' title='bbox 1137 389 1377 431; x_wconf 87' lang='lat' dir='ltr'>Ausonium</span> <span class='ocrx_word' id='word_1_32' title='bbox 1416 390 1452 431; x_wconf 88' lang='lat' dir='ltr'>is</span> 
     </span>
    </p>
   </div>
   <div class='ocr_carea' id='block_1_5' title="bbox 222 445 1455 595">
    <p class='ocr_par' dir='ltr' id='par_1_5' title="bbox 222 445 1455 595">
     <span class='ocr_line' id='line_1_6' title="bbox 222 445 1451 499; baseline 0.002 -13"><span class='ocrx_word' id='word_1_33' title='bbox 222 445 434 498; x_wconf 82' lang='lat' dir='ltr'>poetieam</span> <span class='ocrx_word' id='word_1_34' title='bbox 478 446 647 487; x_wconf 85' lang='lat' dir='ltr'>laudem</span> <span class='ocrx_word' id='word_1_35' title='bbox 690 450 871 487; x_wconf 83' lang='lat' dir='ltr'>nanetus</span> <span class='ocrx_word' id='word_1_36' title='bbox 911 449 1004 487; x_wconf 85' lang='lat' dir='ltr'>erat</span> <span class='ocrx_word' id='word_1_37' title='bbox 1047 452 1127 498; x_wconf 87' lang='lat' dir='ltr'>(Ep.</span> <span class='ocrx_word' id='word_1_38' title='bbox 1160 454 1300 488; x_wconf 83' lang='lat' dir='ltr'>XXIIII</span> <span class='ocrx_word' id='word_1_39' title='bbox 1332 459 1451 499; x_wconf 82' lang='lat' dir='ltr'>3sqq.</span> 
     </span>
     <span class='ocr_line' id='line_1_7' title="bbox 225 501 1455 548; baseline 0.002 -12"><span class='ocrx_word' id='word_1_40' title='bbox 225 501 373 536; x_wconf 83' lang='lat' dir='ltr'>Paulini</span> <span class='ocrx_word' id='word_1_41' title='bbox 399 503 484 537; x_wconf 87' lang='lat' dir='ltr'>Nat.</span> <span class='ocrx_word' id='word_1_42' title='bbox 508 507 562 546; x_wconf 87' lang='lat'>13,</span> <span class='ocrx_word' id='word_1_43' title='bbox 588 506 656 537; x_wconf 88' lang='lat'>395</span> <span class='ocrx_word' id='word_1_44' title='bbox 683 502 739 537; x_wconf 88' lang='lat' dir='ltr'>bis</span> <span class='ocrx_word' id='word_1_45' title='bbox 765 503 862 537; x_wconf 85' lang='lat' dir='ltr'>terni</span> <span class='ocrx_word' id='word_1_46' title='bbox 882 504 1012 538; x_wconf 82' lang='lat' dir='ltr'>fasces.</span> <span class='ocrx_word' id='word_1_47' title='bbox 1053 503 1189 538; x_wconf 89' lang='lat' dir='ltr'>Auson.</span> <span class='ocrx_word' id='word_1_48' title='bbox 1210 504 1277 548; x_wconf 85' lang='lat' dir='ltr'>Ep.</span> <span class='ocrx_word' id='word_1_49' title='bbox 1300 504 1455 539; x_wconf 87' lang='lat' dir='ltr'>XXVIII</span> 
     </span>
     <span class='ocr_line' id='line_1_8' title="bbox 224 549 1382 595; baseline 0.003 -12"><span class='ocrx_word' id='word_1_50' title='bbox 224 552 269 583; x_wconf 84' lang='lat'>34</span> <span class='ocrx_word' id='word_1_51' title='bbox 294 550 434 593; x_wconf 85' lang='lat' dir='ltr'>primus</span> <span class='ocrx_word' id='word_1_52' title='bbox 460 549 617 594; x_wconf 83' lang='lat' dir='ltr'>largitor</span> <span class='ocrx_word' id='word_1_53' title='bbox 642 551 824 585; x_wconf 85' lang='lat' dir='ltr'>honorum</span> <span class='ocrx_word' id='word_1_54' title='bbox 851 550 951 584; x_wconf 87' lang='lat' dir='ltr'>XXV</span> <span class='ocrx_word' id='word_1_55' title='bbox 980 554 1023 585; x_wconf 80' lang='lat'>25</span> <span class='ocrx_word' id='word_1_56' title='bbox 1051 551 1200 585; x_wconf 84' lang='lat' dir='ltr'>honoris</span> <span class='ocrx_word' id='word_1_57' title='bbox 1227 553 1382 595; x_wconf 79' lang='lat' dir='ltr'>auctor).</span> 
     </span>
    </p>
   </div>
   <div class='ocr_carea' id='block_1_6' title="bbox 105 597 1451 652">
    <p class='ocr_par' dir='ltr' id='par_1_6' title="bbox 105 597 1451 652">
     <span class='ocr_line' id='line_1_9' title="bbox 105 597 1451 652; baseline 0 -12"><span class='ocrx_word' id='word_1_58' title='bbox 105 597 290 652; x_wconf 46' lang='lat'>&amp;85:379</span> <span class='ocrx_word' id='word_1_59' title='bbox 324 598 645 640; x_wconf 88' lang='lat' dir='ltr'>Theodosius</span> <span class='ocrx_word' id='word_1_60' title='bbox 680 599 899 641; x_wconf 78' lang='lat' dir='ltr'>Sarmatas</span> <span class='ocrx_word' id='word_1_61' title='bbox 939 600 1075 641; x_wconf 81' lang='lat' dir='ltr'>uincit</span> <span class='ocrx_word' id='word_1_62' title='bbox 1109 604 1223 648; x_wconf 78' lang='lat' dir='ltr'>(Pi-ec.</span> <span class='ocrx_word' id='word_1_63' title='bbox 1252 615 1349 639; x_wconf 74' lang='lat' dir='ltr'>cons.</span> <span class='ocrx_word' id='word_1_64' title='bbox 1378 605 1451 640; x_wconf 74' lang='lat' dir='ltr'>des</span> 
     </span>
    </p>
   </div>
   <div class='ocr_carea' id='block_1_7' title="bbox 221 656 1453 747">
    <p class='ocr_par' dir='ltr' id='par_1_7' title="bbox 221 656 1453 747">
     <span class='ocr_line' id='line_1_10' title="bbox 223 656 1453 701; baseline 0.002 -11"><span class='ocrx_word' id='word_1_65' title='bbox 223 659 266 690; x_wconf 83' lang='lat'>36</span> <span class='ocrx_word' id='word_1_66' title='bbox 281 667 357 700; x_wconf 86' lang='lat' dir='ltr'>sqq.</span> <span class='ocrx_word' id='word_1_67' title='bbox 397 656 555 690; x_wconf 85' lang='lat' dir='ltr'>Pacatus</span> <span class='ocrx_word' id='word_1_68' title='bbox 586 667 721 700; x_wconf 82' lang='lat' dir='ltr'>paneg.</span> <span class='ocrx_word' id='word_1_69' title='bbox 760 660 819 699; x_wconf 89' lang='lat'>10,</span> <span class='ocrx_word' id='word_1_70' title='bbox 853 660 883 690; x_wconf 77' lang='lat'>2.</span> <span class='ocrx_word' id='word_1_71' title='bbox 929 656 1012 690; x_wconf 82' lang='lat' dir='ltr'>iude</span> <span class='ocrx_word' id='word_1_72' title='bbox 1046 656 1244 691; x_wconf 72' lang='lat' dir='ltr'>Gratianus</span> <span class='ocrx_word' id='word_1_73' title='bbox 1278 657 1453 701; x_wconf 80' lang='lat' dir='ltr'>„Sarma-</span> 
     </span>
     <span class='ocr_line' id='line_1_11' title="bbox 221 702 1232 747; baseline 0.001 -10"><span class='ocrx_word' id='word_1_74' title='bbox 221 702 359 737; x_wconf 77' lang='lat' dir='ltr'>ticus“:</span> <span class='ocrx_word' id='word_1_75' title='bbox 393 702 495 737; x_wconf 83' lang='lat' dir='ltr'>Grat.</span> <span class='ocrx_word' id='word_1_76' title='bbox 520 702 601 738; x_wconf 70' lang='lat' dir='ltr'>Aet.</span> <span class='ocrx_word' id='word_1_77' title='bbox 631 708 650 738; x_wconf 88' lang='grc'>8</span> <span class='ocrx_word' id='word_1_78' title='bbox 676 703 853 739; x_wconf 84' lang='lat' dir='ltr'>Themist.</span> <span class='ocrx_word' id='word_1_79' title='bbox 881 715 930 738; x_wconf 85' lang='lat' dir='ltr'>or.</span> <span class='ocrx_word' id='word_1_80' title='bbox 959 703 1065 737; x_wconf 84' lang='lat' dir='ltr'>XIIII</span> <span class='ocrx_word' id='word_1_81' title='bbox 1093 707 1158 738; x_wconf 75' lang='lat'>182</span> <span class='ocrx_word' id='word_1_82' title='bbox 1175 705 1232 747; x_wconf 75' lang='grc'>0.).</span> 
     </span>
    </p>
   </div>
   <div class='ocr_carea' id='block_1_8' title="bbox 104 751 1452 808">
    <p class='ocr_par' dir='ltr' id='par_1_8' title="bbox 104 751 1452 808">
     <span class='ocr_line' id='line_1_12' title="bbox 104 751 1452 808; baseline 0 -14"><span class='ocrx_word' id='word_1_83' title='bbox 104 752 189 794; x_wconf 77' lang='grc'>378</span> <span class='ocrx_word' id='word_1_84' title='bbox 223 755 321 806; x_wconf 86' lang='lat' dir='ltr'>post</span> <span class='ocrx_word' id='word_1_85' title='bbox 354 767 407 792; x_wconf 89' lang='lat' dir='ltr'>m.</span> <span class='ocrx_word' id='word_1_86' title='bbox 439 752 549 807; x_wconf 80' lang='lat' dir='ltr'>Aug.</span> <span class='ocrx_word' id='word_1_87' title='bbox 589 751 868 793; x_wconf 82' lang='lat' dir='ltr'>Gratianus</span> <span class='ocrx_word' id='word_1_88' title='bbox 908 751 1109 793; x_wconf 77' lang='lat' dir='ltr'>Sirmium</span> <span class='ocrx_word' id='word_1_89' title='bbox 1150 753 1269 793; x_wconf 87' lang='lat' dir='ltr'>uenit</span> <span class='ocrx_word' id='word_1_90' title='bbox 1308 754 1452 808; x_wconf 86' lang='lat' dir='ltr'>ibique</span> 
     </span>
    </p>
   </div>
   <div class='ocr_carea' id='block_1_9' title="bbox 222 810 1452 912">
    <p class='ocr_par' dir='ltr' id='par_1_9' title="bbox 222 810 1452 912">
     <span class='ocr_line' id='line_1_13' title="bbox 222 810 1452 912; baseline 0.002 -61"><span class='ocrx_word' id='word_1_91' title='bbox 222 826 329 912; x_wconf 45' lang='lat' dir='ltr'>ggmt</span> <span class='ocrx_word' id='word_1_92' title='bbox 363 813 525 902; x_wconf 47' lang='lat' dir='ltr'>afferet,</span> <span class='ocrx_word' id='word_1_93' title='bbox 575 812 847 853; x_wconf 81' lang='lat' dir='ltr'>consulatum</span> <span class='ocrx_word' id='word_1_94' title='bbox 890 811 934 851; x_wconf 87' lang='lat' dir='ltr'>in</span> <span class='ocrx_word' id='word_1_95' title='bbox 982 810 1222 852; x_wconf 87' lang='lat' dir='ltr'>Ausonium</span> <span class='ocrx_word' id='word_1_96' title='bbox 1268 812 1452 854; x_wconf 79' lang='lat' dir='ltr'>eontulit</span> 
     </span>
     <span class='ocr_line' id='line_1_14' title="bbox 273 871 543 910; baseline 0.004 -9"><span class='ocrx_word' id='word_1_97' title='bbox 273 879 337 902; x_wconf 83' lang='lat' dir='ltr'>ra.</span> <span class='ocrx_word' id='word_1_98' title='bbox 401 879 445 902; x_wconf 81' lang='lat' dir='ltr'>c.</span> <span class='ocrx_word' id='word_1_99' title='bbox 473 871 543 910; x_wconf 79' lang='lat'>42).</span> 
     </span>
    </p>
   </div>
   <div class='ocr_carea' id='block_1_10' title="bbox 105 916 1452 970">
    <p class='ocr_par' dir='ltr' id='par_1_10' title="bbox 105 916 1452 970">
     <span class='ocr_line' id='line_1_15' title="bbox 105 916 1452 970; baseline 0.001 -12"><span class='ocrx_word' id='word_1_100' title='bbox 105 917 190 958; x_wconf 77' lang='lat'>379</span> <span class='ocrx_word' id='word_1_101' title='bbox 225 918 261 957; x_wconf 90' lang='lat' dir='ltr'>d.</span> <span class='ocrx_word' id='word_1_102' title='bbox 293 917 355 958; x_wconf 77' lang='lat'>19.</span> <span class='ocrx_word' id='word_1_103' title='bbox 382 916 477 957; x_wconf 83' lang='lat' dir='ltr'>Jan.</span> <span class='ocrx_word' id='word_1_104' title='bbox 515 916 837 957; x_wconf 86' lang='lat' dir='ltr'>Theodosius</span> <span class='ocrx_word' id='word_1_105' title='bbox 884 917 1106 970; x_wconf 82' lang='lat' dir='ltr'>Augustus</span> <span class='ocrx_word' id='word_1_106' title='bbox 1146 916 1334 958; x_wconf 79' lang='lat' dir='ltr'>Orientis</span> <span class='ocrx_word' id='word_1_107' title='bbox 1381 918 1452 959; x_wconf 87' lang='lat' dir='ltr'>de-</span> 
     </span>
    </p>
   </div>
   <div class='ocr_carea' id='block_1_11' title="bbox 106 975 1453 1136">
    <p class='ocr_par' dir='ltr' id='par_1_11' title="bbox 106 975 1453 1136">
     <span class='ocr_line' id='line_1_16' title="bbox 224 975 1451 1030; baseline 0 -14"><span class='ocrx_word' id='word_1_108' title='bbox 224 976 409 1017; x_wconf 81' lang='lat' dir='ltr'>claratur</span> <span class='ocrx_word' id='word_1_109' title='bbox 435 975 544 1030; x_wconf 87' lang='lat' dir='ltr'>apud</span> <span class='ocrx_word' id='word_1_110' title='bbox 573 975 775 1017; x_wconf 82' lang='lat' dir='ltr'>Sirmium</span> <span class='ocrx_word' id='word_1_111' title='bbox 801 978 917 1024; x_wconf 80' lang='lat' dir='ltr'>(Oros.</span> <span class='ocrx_word' id='word_1_112' title='bbox 942 978 1007 1013; x_wconf 84' lang='lat' dir='ltr'>VII</span> <span class='ocrx_word' id='word_1_113' title='bbox 1028 982 1084 1022; x_wconf 86' lang='lat'>34,</span> <span class='ocrx_word' id='word_1_114' title='bbox 1105 983 1136 1015; x_wconf 78' lang='lat'>2.</span> <span class='ocrx_word' id='word_1_115' title='bbox 1165 979 1325 1024; x_wconf 83' lang='lat' dir='ltr'>Epitom.</span> <span class='ocrx_word' id='word_1_116' title='bbox 1347 984 1404 1024; x_wconf 84' lang='lat'>47,</span> <span class='ocrx_word' id='word_1_117' title='bbox 1420 985 1451 1016; x_wconf 89' lang='lat'>3.</span> 
     </span>
     <span class='ocr_line' id='line_1_17' title="bbox 106 1036 1453 1136; baseline -0.001 -13"><span class='ocrx_word' id='word_1_118' title='bbox 106 1081 190 1123; x_wconf 74' lang='lat'>379</span> <span class='ocrx_word' id='word_1_119' title='bbox 223 1036 482 1122; x_wconf 49' lang='lat' dir='ltr'>ifusltnius</span> <span class='ocrx_word' id='word_1_120' title='bbox 537 1079 833 1136; x_wconf 78' lang='lat' dir='ltr'>(septuaginta</span> <span class='ocrx_word' id='word_1_121' title='bbox 881 1080 970 1121; x_wconf 85' lang='lat' dir='ltr'>fere</span> <span class='ocrx_word' id='word_1_122' title='bbox 1025 1095 1160 1122; x_wconf 85' lang='lat' dir='ltr'>annos</span> <span class='ocrx_word' id='word_1_123' title='bbox 1212 1079 1358 1136; x_wconf 82' lang='lat' dir='ltr'>natus)</span> <span class='ocrx_word' id='word_1_124' title='bbox 1411 1085 1453 1122; x_wconf 83' lang='lat' dir='ltr'>et</span> 
     </span>
    </p>
   </div>
   <div class='ocr_carea' id='block_1_12' title="bbox 225 1138 1451 1241">
    <p class='ocr_par' dir='ltr' id='par_1_12' title="bbox 225 1138 1451 1241">
     <span class='ocr_line' id='line_1_18' title="bbox 227 1138 1451 1193; baseline 0.001 -13"><span class='ocrx_word' id='word_1_125' title='bbox 227 1140 272 1188; x_wconf 78' lang='lat' dir='ltr'>Q.</span> <span class='ocrx_word' id='word_1_126' title='bbox 312 1139 487 1181; x_wconf 83' lang='lat' dir='ltr'>Clodius</span> <span class='ocrx_word' id='word_1_127' title='bbox 531 1139 903 1193; x_wconf 83' lang='lat' dir='ltr'>Hermogenianus</span> <span class='ocrx_word' id='word_1_128' title='bbox 956 1138 1203 1192; x_wconf 82' lang='lat' dir='ltr'>Olybrius</span> <span class='ocrx_word' id='word_1_129' title='bbox 1255 1140 1451 1181; x_wconf 81' lang='lat' dir='ltr'>consules</span> 
     </span>
     <span class='ocr_line' id='line_1_19' title="bbox 225 1195 1077 1241; baseline -0.001 -10"><span class='ocrx_word' id='word_1_130' title='bbox 225 1197 285 1241; x_wconf 86' lang='lat' dir='ltr'>(cf.</span> <span class='ocrx_word' id='word_1_131' title='bbox 312 1197 494 1240; x_wconf 85' lang='lat' dir='ltr'>Protrept.</span> <span class='ocrx_word' id='word_1_132' title='bbox 523 1200 583 1230; x_wconf 81' lang='lat'>93:</span> <span class='ocrx_word' id='word_1_133' title='bbox 611 1195 717 1230; x_wconf 82' lang='lat' dir='ltr'>fastis</span> <span class='ocrx_word' id='word_1_134' title='bbox 745 1195 835 1230; x_wconf 89' lang='lat' dir='ltr'>meis</span> <span class='ocrx_word' id='word_1_135' title='bbox 862 1196 1077 1240; x_wconf 85' lang='lat' dir='ltr'>praelatus).</span> 
     </span>
    </p>
   </div>
   <div class='ocr_carea' id='block_1_13' title="bbox 108 1244 1454 1463">
    <p class='ocr_par' dir='ltr' id='par_1_13' title="bbox 108 1244 1454 1356">
     <span class='ocr_line' id='line_1_20' title="bbox 108 1244 1454 1300; baseline -0.001 -12"><span class='ocrx_word' id='word_1_136' title='bbox 108 1251 190 1288; x_wconf 74' lang='lat'>378</span> <span class='ocrx_word' id='word_1_137' title='bbox 213 1262 269 1287; x_wconf 86' lang='lat' dir='ltr'>ex.</span> <span class='ocrx_word' id='word_1_138' title='bbox 292 1244 523 1300; x_wconf 82' lang='lat' dir='ltr'>(antequam</span> <span class='ocrx_word' id='word_1_139' title='bbox 542 1249 668 1286; x_wconf 81' lang='lat' dir='ltr'>fasces</span> <span class='ocrx_word' id='word_1_140' title='bbox 690 1250 946 1296; x_wconf 84' lang='lat' dir='ltr'>sumpserunt</span> <span class='ocrx_word' id='word_1_141' title='bbox 966 1244 1165 1300; x_wconf 79' lang='lat' dir='ltr'>consules)</span> <span class='ocrx_word' id='word_1_142' title='bbox 1186 1248 1454 1298; x_wconf 81' lang='lat' dir='ltr'>Symmachi</span> 
     </span>
     <span class='ocr_line' id='line_1_21' title="bbox 226 1307 934 1356; baseline 0 -11"><span class='ocrx_word' id='word_1_143' title='bbox 226 1308 280 1345; x_wconf 82' lang='lat' dir='ltr'>ad</span> <span class='ocrx_word' id='word_1_144' title='bbox 307 1307 478 1345; x_wconf 89' lang='lat' dir='ltr'>Auson.</span> <span class='ocrx_word' id='word_1_145' title='bbox 507 1320 606 1356; x_wconf 85' lang='lat' dir='ltr'>epp.</span> <span class='ocrx_word' id='word_1_146' title='bbox 631 1307 651 1344; x_wconf 88' lang='lat' dir='ltr'>I</span> <span class='ocrx_word' id='word_1_147' title='bbox 679 1309 745 1344; x_wconf 76' lang='lat'>22.</span> <span class='ocrx_word' id='word_1_148' title='bbox 775 1309 840 1345; x_wconf 81' lang='lat'>20.</span> <span class='ocrx_word' id='word_1_149' title='bbox 870 1309 934 1345; x_wconf 83' lang='lat'>19.</span> 
     </span>
    </p>

    <p class='ocr_par' dir='ltr' id='par_1_14' title="bbox 108 1365 1451 1463">
     <span class='ocr_line' id='line_1_22' title="bbox 108 1365 1451 1416; baseline -0.001 -11"><span class='ocrx_word' id='word_1_150' title='bbox 108 1369 190 1406; x_wconf 78' lang='lat'>379</span> <span class='ocrx_word' id='word_1_151' title='bbox 225 1367 323 1416; x_wconf 86' lang='lat' dir='ltr'>prid.</span> <span class='ocrx_word' id='word_1_152' title='bbox 362 1366 424 1403; x_wconf 88' lang='lat' dir='ltr'>KI.</span> <span class='ocrx_word' id='word_1_153' title='bbox 462 1366 543 1404; x_wconf 86' lang='lat' dir='ltr'>Ian.</span> <span class='ocrx_word' id='word_1_154' title='bbox 584 1368 624 1404; x_wconf 86' lang='lat' dir='ltr'>et</span> <span class='ocrx_word' id='word_1_155' title='bbox 662 1366 722 1403; x_wconf 85' lang='lat' dir='ltr'>Kl.</span> <span class='ocrx_word' id='word_1_156' title='bbox 768 1365 849 1403; x_wconf 89' lang='lat' dir='ltr'>Ian.</span> <span class='ocrx_word' id='word_1_157' title='bbox 919 1365 1234 1404; x_wconf 82' lang='lat' dir='ltr'>Precationes</span> <span class='ocrx_word' id='word_1_158' title='bbox 1279 1366 1451 1404; x_wconf 77' lang='lat' dir='ltr'>consulis</span> 
     </span>
     <span class='ocr_line' id='line_1_23' title="bbox 224 1425 402 1463; baseline -0.006 0"><span class='ocrx_word' id='word_1_159' title='bbox 224 1425 402 1463; x_wconf 86' lang='lat' dir='ltr'>Ausonii.</span> 
     </span>
    </p>
   </div>
   <div class='ocr_carea' id='block_1_14' title="bbox 227 1483 1454 1581">
    <p class='ocr_par' dir='ltr' id='par_1_15' title="bbox 227 1483 1454 1581">
     <span class='ocr_line' id='line_1_24' title="bbox 227 1483 1454 1534; baseline 0 -12"><span class='ocrx_word' id='word_1_160' title='bbox 227 1498 289 1533; x_wconf 88' lang='lat' dir='ltr'>ep.</span> <span class='ocrx_word' id='word_1_161' title='bbox 314 1486 366 1522; x_wconf 75' lang='lat'>26</span> <span class='ocrx_word' id='word_1_162' title='bbox 395 1484 441 1521; x_wconf 86' lang='lat' dir='ltr'>de</span> <span class='ocrx_word' id='word_1_163' title='bbox 463 1483 653 1521; x_wconf 82' lang='lat' dir='ltr'>Gratiano</span> <span class='ocrx_word' id='word_1_164' title='bbox 674 1483 858 1534; x_wconf 83' lang='lat' dir='ltr'>Augusto</span> <span class='ocrx_word' id='word_1_165' title='bbox 879 1483 1055 1521; x_wconf 84' lang='lat' dir='ltr'>bellandi</span> <span class='ocrx_word' id='word_1_166' title='bbox 1078 1483 1265 1532; x_wconf 84' lang='lat' dir='ltr'>fandique</span> <span class='ocrx_word' id='word_1_167' title='bbox 1291 1485 1454 1532; x_wconf 85' lang='lat' dir='ltr'>potente</span> 
     </span>
     <span class='ocr_line' id='line_1_25' title="bbox 227 1537 1216 1581; baseline -0.002 -9"><span class='ocrx_word' id='word_1_168' title='bbox 227 1538 286 1581; x_wconf 83' lang='lat' dir='ltr'>(ef.</span> <span class='ocrx_word' id='word_1_169' title='bbox 314 1537 414 1573; x_wconf 79' lang='lat' dir='ltr'>Preo.</span> <span class='ocrx_word' id='word_1_170' title='bbox 443 1548 540 1572; x_wconf 84' lang='lat' dir='ltr'>cons.</span> <span class='ocrx_word' id='word_1_171' title='bbox 568 1537 641 1572; x_wconf 85' lang='lat' dir='ltr'>des.</span> <span class='ocrx_word' id='word_1_172' title='bbox 670 1541 715 1571; x_wconf 87' lang='lat'>34</span> <span class='ocrx_word' id='word_1_173' title='bbox 729 1548 807 1581; x_wconf 86' lang='lat' dir='ltr'>sqq.</span> <span class='ocrx_word' id='word_1_174' title='bbox 836 1538 873 1571; x_wconf 85' lang='lat' dir='ltr'>et</span> <span class='ocrx_word' id='word_1_175' title='bbox 898 1548 954 1581; x_wconf 87' lang='lat' dir='ltr'>ep.</span> <span class='ocrx_word' id='word_1_176' title='bbox 982 1541 1042 1581; x_wconf 71' lang='lat'>⁶26,</span> <span class='ocrx_word' id='word_1_177' title='bbox 1070 1548 1094 1570; x_wconf 93' lang='lat'>1.</span> <span class='ocrx_word' id='word_1_178' title='bbox 1116 1547 1143 1572; x_wconf 80' lang='lat'>7.</span> <span class='ocrx_word' id='word_1_179' title='bbox 1164 1538 1216 1581; x_wconf 86' lang='lat'>8.).</span> 
     </span>
    </p>
   </div>
   <div class='ocr_carea' id='block_1_15' title="bbox 111 1589 1455 1758">
    <p class='ocr_par' dir='ltr' id='par_1_16' title="bbox 111 1589 1455 1758">
     <span class='ocr_line' id='line_1_26' title="bbox 228 1589 1453 1639; baseline -0.001 -11"><span class='ocrx_word' id='word_1_180' title='bbox 228 1590 366 1628; x_wconf 81' lang='lat' dir='ltr'>eodem</span> <span class='ocrx_word' id='word_1_181' title='bbox 384 1592 573 1639; x_wconf 85' lang='lat' dir='ltr'>tempore,</span> <span class='ocrx_word' id='word_1_182' title='bbox 593 1591 639 1627; x_wconf 90' lang='lat' dir='ltr'>ut</span> <span class='ocrx_word' id='word_1_183' title='bbox 658 1589 830 1639; x_wconf 85' lang='lat' dir='ltr'>uidetur,</span> <span class='ocrx_word' id='word_1_184' title='bbox 850 1589 1046 1637; x_wconf 79' lang='lat' dir='ltr'>eelogae</span> <span class='ocrx_word' id='word_1_185' title='bbox 1067 1589 1120 1626; x_wconf 85' lang='lat' dir='ltr'>de</span> <span class='ocrx_word' id='word_1_186' title='bbox 1140 1590 1381 1628; x_wconf 86' lang='lat' dir='ltr'>mensibus</span> <span class='ocrx_word' id='word_1_187' title='bbox 1403 1590 1453 1627; x_wconf 90' lang='lat' dir='ltr'>al.</span> 
     </span>
     <span class='ocr_line' id='line_1_27' title="bbox 226 1648 1451 1699; baseline -0.002 -12"><span class='ocrx_word' id='word_1_188' title='bbox 226 1652 318 1699; x_wconf 90' lang='lat' dir='ltr'>post</span> <span class='ocrx_word' id='word_1_189' title='bbox 332 1649 488 1686; x_wconf 84' lang='lat' dir='ltr'>initium</span> <span class='ocrx_word' id='word_1_190' title='bbox 503 1649 729 1687; x_wconf 81' lang='lat' dir='ltr'>consulatus</span> <span class='ocrx_word' id='word_1_191' title='bbox 745 1648 896 1697; x_wconf 80' lang='lat' dir='ltr'>Symm</span> <span class='ocrx_word' id='word_1_192' title='bbox 908 1648 1012 1685; x_wconf 82' lang='lat' dir='ltr'>achi</span> <span class='ocrx_word' id='word_1_193' title='bbox 1027 1660 1092 1697; x_wconf 90' lang='lat' dir='ltr'>ep.</span> <span class='ocrx_word' id='word_1_194' title='bbox 1108 1648 1162 1685; x_wconf 90' lang='lat' dir='ltr'>ad</span> <span class='ocrx_word' id='word_1_195' title='bbox 1177 1648 1349 1686; x_wconf 88' lang='lat' dir='ltr'>Auson.</span> <span class='ocrx_word' id='word_1_196' title='bbox 1365 1648 1383 1685; x_wconf 95' lang='lat' dir='ltr'>I</span> <span class='ocrx_word' id='word_1_197' title='bbox 1400 1650 1451 1686; x_wconf 81' lang='lat'>21</span> 
     </span>
     <span class='ocr_line' id='line_1_28' title="bbox 111 1706 1455 1758; baseline -0.001 -12"><span class='ocrx_word' id='word_1_198' title='bbox 111 1709 192 1747; x_wconf 76' lang='lat'>379</span> <span class='ocrx_word' id='word_1_199' title='bbox 228 1710 324 1746; x_wconf 89' lang='lat' dir='ltr'>aest.</span> <span class='ocrx_word' id='word_1_200' title='bbox 358 1707 625 1757; x_wconf 84' lang='lat' dir='ltr'>Symmachi</span> <span class='ocrx_word' id='word_1_201' title='bbox 650 1707 706 1744; x_wconf 85' lang='lat' dir='ltr'>ad</span> <span class='ocrx_word' id='word_1_202' title='bbox 731 1707 902 1745; x_wconf 87' lang='lat' dir='ltr'>Auson.</span> <span class='ocrx_word' id='word_1_203' title='bbox 930 1720 993 1755; x_wconf 91' lang='lat' dir='ltr'>ep.</span> <span class='ocrx_word' id='word_1_204' title='bbox 1020 1706 1040 1743; x_wconf 88' lang='grc' dir='ltr'>Ι</span> <span class='ocrx_word' id='word_1_205' title='bbox 1068 1708 1120 1744; x_wconf 79' lang='lat'>‘25</span> <span class='ocrx_word' id='word_1_206' title='bbox 1150 1709 1260 1751; x_wconf 77' lang='lat' dir='ltr'>(infra</span> <span class='ocrx_word' id='word_1_207' title='bbox 1289 1709 1455 1758; x_wconf 79' lang='lat' dir='ltr'>Ep.111),</span> 
     </span>
    </p>
   </div>
   <div class='ocr_carea' id='block_1_16' title="bbox 226 1766 1455 1865">
    <p class='ocr_par' dir='ltr' id='par_1_17' title="bbox 226 1766 1455 1865">
     <span class='ocr_line' id='line_1_29' title="bbox 226 1766 1455 1814; baseline -0.001 -10"><span class='ocrx_word' id='word_1_208' title='bbox 226 1767 296 1804; x_wconf 89' lang='lat' dir='ltr'>ubi</span> <span class='ocrx_word' id='word_1_209' title='bbox 328 1766 414 1814; x_wconf 85' lang='lat' dir='ltr'>agit</span> <span class='ocrx_word' id='word_1_210' title='bbox 445 1766 491 1803; x_wconf 84' lang='lat' dir='ltr'>de</span> <span class='ocrx_word' id='word_1_211' title='bbox 526 1766 731 1804; x_wconf 81' lang='lat' dir='ltr'>Thalassio</span> <span class='ocrx_word' id='word_1_212' title='bbox 763 1766 931 1803; x_wconf 90' lang='lat' dir='ltr'>Ausonii</span> <span class='ocrx_word' id='word_1_213' title='bbox 963 1777 1107 1814; x_wconf 78' lang='lat' dir='ltr'>genere</span> <span class='ocrx_word' id='word_1_214' title='bbox 1146 1767 1298 1812; x_wconf 77' lang='lat' dir='ltr'>(„habes</span> <span class='ocrx_word' id='word_1_215' title='bbox 1333 1768 1455 1803; x_wconf 86' lang='lat' dir='ltr'>uirum</span> 
     </span>
     <span class='ocr_line' id='line_1_30' title="bbox 228 1817 1088 1865; baseline -0.003 -11"><span class='ocrx_word' id='word_1_216' title='bbox 228 1820 380 1865; x_wconf 82' lang='lat' dir='ltr'>dignum</span> <span class='ocrx_word' id='word_1_217' title='bbox 405 1821 443 1854; x_wconf 83' lang='lat' dir='ltr'>te</span> <span class='ocrx_word' id='word_1_218' title='bbox 469 1821 506 1854; x_wconf 82' lang='lat' dir='ltr'>et</span> <span class='ocrx_word' id='word_1_219' title='bbox 532 1831 597 1863; x_wconf 87' lang='lat' dir='ltr'>per</span> <span class='ocrx_word' id='word_1_220' title='bbox 621 1821 658 1853; x_wconf 86' lang='lat' dir='ltr'>te</span> <span class='ocrx_word' id='word_1_221' title='bbox 684 1819 829 1854; x_wconf 84' lang='lat' dir='ltr'>familia</span> <span class='ocrx_word' id='word_1_222' title='bbox 855 1817 1088 1863; x_wconf 82' lang='lat' dir='ltr'>consulari“).</span> 
     </span>
    </p>
   </div>
   <div class='ocr_carea' id='block_1_17' title="bbox 111 1870 1456 2040">
    <p class='ocr_par' dir='ltr' id='par_1_18' title="bbox 111 1870 1456 2040">
     <span class='ocr_line' id='line_1_31' title="bbox 111 1870 1455 1922; baseline -0.001 -12"><span class='ocrx_word' id='word_1_223' title='bbox 111 1874 194 1911; x_wconf 82' lang='lat'>379</span> <span class='ocrx_word' id='word_1_224' title='bbox 222 1885 272 1910; x_wconf 88' lang='lat' dir='ltr'>m.</span> <span class='ocrx_word' id='word_1_225' title='bbox 304 1872 408 1922; x_wconf 84' lang='lat' dir='ltr'>Aug.</span> <span class='ocrx_word' id='word_1_226' title='bbox 446 1872 512 1909; x_wconf 87' lang='lat' dir='ltr'>uel</span> <span class='ocrx_word' id='word_1_227' title='bbox 543 1872 681 1920; x_wconf 85' lang='lat' dir='ltr'>primis</span> <span class='ocrx_word' id='word_1_228' title='bbox 715 1871 935 1920; x_wconf 84' lang='lat' dir='ltr'>Septembr.</span> <span class='ocrx_word' id='word_1_229' title='bbox 974 1871 1132 1909; x_wconf 87' lang='lat' dir='ltr'>diebus:</span> <span class='ocrx_word' id='word_1_230' title='bbox 1178 1870 1455 1909; x_wconf 83' lang='lat' dir='ltr'>Gratiarum</span> 
     </span>
     <span class='ocr_line' id='line_1_32' title="bbox 230 1930 1456 1980; baseline -0.001 -11"><span class='ocrx_word' id='word_1_231' title='bbox 230 1931 356 1969; x_wconf 82' lang='lat' dir='ltr'>actio</span> <span class='ocrx_word' id='word_1_232' title='bbox 391 1930 439 1968; x_wconf 86' lang='lat' dir='ltr'>ad</span> <span class='ocrx_word' id='word_1_233' title='bbox 470 1930 723 1979; x_wconf 75' lang='lat' dir='ltr'>Gratianum,</span> <span class='ocrx_word' id='word_1_234' title='bbox 760 1931 898 1968; x_wconf 83' lang='lat' dir='ltr'>habita</span> <span class='ocrx_word' id='word_1_235' title='bbox 929 1930 971 1967; x_wconf 88' lang='lat' dir='ltr'>in</span> <span class='ocrx_word' id='word_1_236' title='bbox 1003 1930 1233 1968; x_wconf 79' lang='lat' dir='ltr'>consistorio</span> <span class='ocrx_word' id='word_1_237' title='bbox 1265 1930 1456 1980; x_wconf 76' lang='lat' dir='ltr'>principis</span> 
     </span>
     <span class='ocr_line' id='line_1_33' title="bbox 231 1989 1456 2040; baseline 0 -13"><span class='ocrx_word' id='word_1_238' title='bbox 231 1992 264 2034; x_wconf 64' lang='grc' dir='ltr'>(ξ</span> <span class='ocrx_word' id='word_1_239' title='bbox 293 1997 312 2027; x_wconf 80' lang='grc'>2</span> <span class='ocrx_word' id='word_1_240' title='bbox 339 1994 377 2027; x_wconf 88' lang='lat' dir='ltr'>et</span> <span class='ocrx_word' id='word_1_241' title='bbox 401 1992 474 2036; x_wconf 78' lang='lat'>45),</span> <span class='ocrx_word' id='word_1_242' title='bbox 500 2002 588 2027; x_wconf 82' lang='lat' dir='ltr'>eum</span> <span class='ocrx_word' id='word_1_243' title='bbox 615 1989 764 2027; x_wconf 86' lang='lat' dir='ltr'>Gallias</span> <span class='ocrx_word' id='word_1_244' title='bbox 793 1990 860 2027; x_wconf 86' lang='lat' dir='ltr'>ille</span> <span class='ocrx_word' id='word_1_245' title='bbox 886 1989 965 2026; x_wconf 89' lang='lat' dir='ltr'>iam</span> <span class='ocrx_word' id='word_1_246' title='bbox 990 1989 1191 2038; x_wconf 79' lang='lat' dir='ltr'>ingressus</span> <span class='ocrx_word' id='word_1_247' title='bbox 1219 1992 1305 2026; x_wconf 84' lang='lat' dir='ltr'>erat</span> <span class='ocrx_word' id='word_1_248' title='bbox 1331 1992 1364 2034; x_wconf 69' lang='grc' dir='ltr'>(ξ</span> <span class='ocrx_word' id='word_1_249' title='bbox 1385 1992 1456 2040; x_wconf 79' lang='lat'>82),</span> 
     </span>
    </p>
   </div>
   <div class='ocr_carea' id='block_1_18' title="bbox 231 2048 1457 2145">
    <p class='ocr_par' dir='ltr' id='par_1_19' title="bbox 231 2048 1457 2145">
     <span class='ocr_line' id='line_1_34' title="bbox 233 2048 1457 2098; baseline -0.002 -11"><span class='ocrx_word' id='word_1_250' title='bbox 233 2049 301 2087; x_wconf 85' lang='lat' dir='ltr'>sed</span> <span class='ocrx_word' id='word_1_251' title='bbox 326 2049 498 2087; x_wconf 86' lang='lat' dir='ltr'>nondum</span> <span class='ocrx_word' id='word_1_252' title='bbox 523 2051 759 2098; x_wconf 82' lang='lat' dir='ltr'>peruenerat</span> <span class='ocrx_word' id='word_1_253' title='bbox 780 2048 974 2086; x_wconf 85' lang='lat' dir='ltr'>Treueros</span> <span class='ocrx_word' id='word_1_254' title='bbox 998 2050 1030 2091; x_wconf 66' lang='grc' dir='ltr'>(ζὲ</span> <span class='ocrx_word' id='word_1_255' title='bbox 1052 2055 1107 2085; x_wconf 87' lang='lat'>34.</span> <span class='ocrx_word' id='word_1_256' title='bbox 1141 2050 1311 2085; x_wconf 86' lang='lat' dir='ltr'>Treueris</span> <span class='ocrx_word' id='word_1_257' title='bbox 1331 2052 1457 2086; x_wconf 85' lang='lat' dir='ltr'>autem</span> 
     </span>
     <span class='ocr_line' id='line_1_35' title="bbox 231 2100 1457 2145; baseline -0.002 -9"><span class='ocrx_word' id='word_1_258' title='bbox 231 2101 428 2136; x_wconf 82' lang='lat' dir='ltr'>Gratianus</span> <span class='ocrx_word' id='word_1_259' title='bbox 460 2103 533 2135; x_wconf 85' lang='lat' dir='ltr'>iam</span> <span class='ocrx_word' id='word_1_260' title='bbox 567 2103 647 2136; x_wconf 86' lang='lat' dir='ltr'>erat</span> <span class='ocrx_word' id='word_1_261' title='bbox 678 2102 713 2135; x_wconf 88' lang='lat' dir='ltr'>d.</span> <span class='ocrx_word' id='word_1_262' title='bbox 749 2105 792 2135; x_wconf 88' lang='lat'>14</span> <span class='ocrx_word' id='word_1_263' title='bbox 825 2102 924 2145; x_wconf 78' lang='lat' dir='ltr'>Sept.</span> <span class='ocrx_word' id='word_1_264' title='bbox 959 2102 1004 2136; x_wconf 85' lang='lat' dir='ltr'>ef.</span> <span class='ocrx_word' id='word_1_265' title='bbox 1039 2100 1125 2136; x_wconf 82' lang='lat' dir='ltr'>Cod.</span> <span class='ocrx_word' id='word_1_266' title='bbox 1160 2100 1341 2136; x_wconf 85' lang='lat' dir='ltr'>Theodos.</span> <span class='ocrx_word' id='word_1_267' title='bbox 1371 2101 1457 2135; x_wconf 83' lang='lat' dir='ltr'>XIII</span> 
     </span>
    </p>
   </div>
   <div class='ocr_carea' id='block_1_19' title="bbox 231 2151 1444 2204">
    <p class='ocr_par' dir='ltr' id='par_1_20' title="bbox 231 2151 1457 2204">
     <span class='ocr_line' id='line_1_36' title="bbox 231 2151 1444 2204; baseline -0.001 -12"><span class='ocrx_word' id='word_1_268' title='bbox 231 2162 263 2201; x_wconf 80' lang='lat'>3,</span> <span class='ocrx_word' id='word_1_269' title='bbox 286 2157 355 2204; x_wconf 68' lang='lat'>12),</span> <span class='ocrx_word' id='word_1_270' title='bbox 375 2153 548 2192; x_wconf 84' lang='lat' dir='ltr'>nondum</span> <span class='ocrx_word' id='word_1_271' title='bbox 569 2154 789 2203; x_wconf 85' lang='lat' dir='ltr'>designatis</span> <span class='ocrx_word' id='word_1_272' title='bbox 808 2155 921 2192; x_wconf 87' lang='lat' dir='ltr'>nouis</span> <span class='ocrx_word' id='word_1_273' title='bbox 942 2153 1169 2191; x_wconf 80' lang='lat' dir='ltr'>consulibus</span> <span class='ocrx_word' id='word_1_274' title='bbox 1191 2157 1223 2197; x_wconf 50' lang='grc' dir='ltr'>(ξ</span> <span class='ocrx_word' id='word_1_275' title='bbox 1240 2160 1283 2191; x_wconf 77' lang='lat'>25</span> <span class='ocrx_word' id='word_1_276' title='bbox 1302 2158 1339 2191; x_wconf 87' lang='lat' dir='ltr'>et</span> <span class='ocrx_word' id='word_1_277' title='bbox 1352 2156 1411 2198; x_wconf 84' lang='lat'>83)</span> <span class='ocrx_word' id='word_1_278' title='bbox 1422 2151 1444 2175; x_wconf 69' lang='lat'>&#39;²‘</span> 
     </span>
    </p>
   </div>
   <div class='ocr_carea' id='block_1_20' title="bbox 112 2228 252 2232">
    <p class='ocr_par' dir='ltr' id='par_1_21' title="bbox 112 2228 252 2232">
     <span class='ocr_line' id='line_1_37' title="bbox 112 2228 252 2232; baseline 0 0"><span class='ocrx_word' id='word_1_279' title='bbox 112 2228 252 2232; x_wconf 95' lang='lat' dir='ltr'> </span> 
     </span>
    </p>
   </div>
   <div class='ocr_carea' id='block_1_21' title="bbox 253 2229 393 2232">
    <p class='ocr_par' dir='ltr' id='par_1_22' title="bbox 253 2229 393 2232">
     <span class='ocr_line' id='line_1_38' title="bbox 253 2229 393 2232; baseline 0 0"><span class='ocrx_word' id='word_1_280' title='bbox 253 2229 393 2232; x_wconf 95' lang='lat' dir='ltr'> </span> 
     </span>
    </p>
   </div>
   <div class='ocr_carea' id='block_1_22' title="bbox 113 2253 1457 2346">
    <p class='ocr_par' dir='ltr' id='par_1_23' title="bbox 113 2253 1457 2346">
     <span class='ocr_line' id='line_1_39' title="bbox 231 2253 1457 2299; baseline -0.001 -11"><span class='ocrx_word' id='word_1_281' title='bbox 231 2255 263 2299; x_wconf 59' lang='lat'>³²)</span> <span class='ocrx_word' id='word_1_282' title='bbox 289 2255 383 2289; x_wconf 85' lang='lat' dir='ltr'>hanc</span> <span class='ocrx_word' id='word_1_283' title='bbox 409 2254 614 2289; x_wconf 86' lang='lat' dir='ltr'>orationem</span> <span class='ocrx_word' id='word_1_284' title='bbox 640 2264 841 2298; x_wconf 86' lang='lat' dir='ltr'>numquam</span> <span class='ocrx_word' id='word_1_285' title='bbox 866 2253 1013 2289; x_wconf 87' lang='lat' dir='ltr'>uidetur</span> <span class='ocrx_word' id='word_1_286' title='bbox 1044 2254 1123 2299; x_wconf 84' lang='lat' dir='ltr'>ipse</span> <span class='ocrx_word' id='word_1_287' title='bbox 1154 2253 1310 2288; x_wconf 85' lang='lat' dir='ltr'>edidisse</span> <span class='ocrx_word' id='word_1_288' title='bbox 1337 2253 1457 2288; x_wconf 86' lang='lat' dir='ltr'>Auso-</span> 
     </span>
     <span class='ocr_line' id='line_1_40' title="bbox 113 2299 1455 2346; baseline 0.001 -13"><span class='ocrx_word' id='word_1_289' title='bbox 113 2301 209 2344; x_wconf 72' lang='lat' dir='ltr'>nius3</span> <span class='ocrx_word' id='word_1_290' title='bbox 248 2312 331 2336; x_wconf 84' lang='lat' dir='ltr'>nam</span> <span class='ocrx_word' id='word_1_291' title='bbox 359 2301 564 2346; x_wconf 84' lang='lat' dir='ltr'>Drepanius</span> <span class='ocrx_word' id='word_1_292' title='bbox 596 2302 655 2336; x_wconf 88' lang='lat' dir='ltr'>uel</span> <span class='ocrx_word' id='word_1_293' title='bbox 689 2300 853 2345; x_wconf 82' lang='lat' dir='ltr'>quisquis</span> <span class='ocrx_word' id='word_1_294' title='bbox 884 2300 948 2336; x_wconf 86' lang='lat' dir='ltr'>ille</span> <span class='ocrx_word' id='word_1_295' title='bbox 982 2303 1038 2336; x_wconf 81' lang='lat' dir='ltr'>est</span> <span class='ocrx_word' id='word_1_296' title='bbox 1070 2300 1197 2335; x_wconf 85' lang='lat' dir='ltr'>Gallus</span> <span class='ocrx_word' id='word_1_297' title='bbox 1230 2302 1358 2345; x_wconf 88' lang='lat' dir='ltr'>homo,</span> <span class='ocrx_word' id='word_1_298' title='bbox 1393 2299 1455 2345; x_wconf 90' lang='lat' dir='ltr'>qui</span> 
     </span>
    </p>
   </div>
  </div>
 </body>
</html>
