<?xml version="1.0" encoding="UTF-8"?>
<!DOCTYPE html PUBLIC "-//W3C//DTD XHTML 1.0 Transitional//EN"
    "http://www.w3.org/TR/xhtml1/DTD/xhtml1-transitional.dtd">
<html xmlns="http://www.w3.org/1999/xhtml" xml:lang="en" lang="en">
 <head>
  <title>
</title>
<meta http-equiv="Content-Type" content="text/html;charset=utf-8" />
  <meta name='ocr-system' content='tesseract 3.04.00' />
  <meta name='ocr-capabilities' content='ocr_page ocr_carea ocr_par ocr_line ocrx_word'/>
</head>
<body>
  <div class='ocr_page' id='page_1' title='image "./opuscula00ausouoft/opuscula00ausouoft_0357.png"; bbox 0 0 1563 2511; ppageno 0'>
   <div class='ocr_carea' id='block_1_1' title="bbox 600 63 919 104">
    <p class='ocr_par' dir='ltr' id='par_1_1' title="bbox 600 63 919 104">
     <span class='ocr_line' id='line_1_1' title="bbox 600 63 919 104; baseline 0.003 -1"><span class='ocrx_word' id='word_1_1' title='bbox 600 63 919 104; x_wconf 37' lang='lat'>*223*</span> 
     </span>
    </p>
   </div>
   <div class='ocr_carea' id='block_1_2' title="bbox 85 167 1504 1280">
    <p class='ocr_par' dir='ltr' id='par_1_2' title="bbox 85 167 1504 1280">
     <span class='ocr_line' id='line_1_2' title="bbox 85 167 1498 221; baseline 0.001 -12"><span class='ocrx_word' id='word_1_2' title='bbox 85 167 419 209; x_wconf 86' lang='lat' dir='ltr'>chamaeleontis</span> <span class='ocrx_word' id='word_1_3' title='bbox 451 167 660 208; x_wconf 70' lang='lat' dir='ltr'>bestiolae</span> <span class='ocrx_word' id='word_1_4' title='bbox 693 167 802 217; x_wconf 84' lang='lat' dir='ltr'>uice,</span> <span class='ocrx_word' id='word_1_5' title='bbox 838 182 945 221; x_wconf 86' lang='lat' dir='ltr'>quae</span> <span class='ocrx_word' id='word_1_6' title='bbox 978 167 1027 208; x_wconf 85' lang='lat' dir='ltr'>de</span> <span class='ocrx_word' id='word_1_7' title='bbox 1060 168 1263 210; x_wconf 86' lang='lat' dir='ltr'>subiectis</span> <span class='ocrx_word' id='word_1_8' title='bbox 1297 169 1427 210; x_wconf 90' lang='lat' dir='ltr'>sumit</span> <span class='ocrx_word' id='word_1_9' title='bbox 1456 180 1498 211; x_wconf 86' lang='lat'>15</span> 
     </span>
     <span class='ocr_line' id='line_1_3' title="bbox 87 225 1428 280; baseline 0.001 -13"><span class='ocrx_word' id='word_1_10' title='bbox 87 226 287 268; x_wconf 88' lang='lat' dir='ltr'>colorem.</span> <span class='ocrx_word' id='word_1_11' title='bbox 349 226 463 266; x_wconf 86' lang='lat' dir='ltr'>aliud</span> <span class='ocrx_word' id='word_1_12' title='bbox 502 225 640 266; x_wconf 88' lang='lat' dir='ltr'>sentio</span> <span class='ocrx_word' id='word_1_13' title='bbox 673 240 723 266; x_wconf 85' lang='lat' dir='ltr'>cx</span> <span class='ocrx_word' id='word_1_14' title='bbox 756 226 941 278; x_wconf 85' lang='lat' dir='ltr'>epistula</span> <span class='ocrx_word' id='word_1_15' title='bbox 972 229 1064 280; x_wconf 76' lang='lat' dir='ltr'>tua,</span> <span class='ocrx_word' id='word_1_16' title='bbox 1103 227 1216 268; x_wconf 88' lang='lat' dir='ltr'>aliud</span> <span class='ocrx_word' id='word_1_17' title='bbox 1249 242 1298 268; x_wconf 80' lang='lat' dir='ltr'>cx</span> <span class='ocrx_word' id='word_1_18' title='bbox 1331 242 1428 269; x_wconf 88' lang='lat' dir='ltr'>con-</span> 
     </span>
     <span class='ocr_line' id='line_1_4' title="bbox 87 284 1430 327; baseline 0.001 -1"><span class='ocrx_word' id='word_1_19' title='bbox 87 285 266 326; x_wconf 86' lang='lat' dir='ltr'>scientia</span> <span class='ocrx_word' id='word_1_20' title='bbox 298 298 404 325; x_wconf 85' lang='lat' dir='ltr'>mea.</span> <span class='ocrx_word' id='word_1_21' title='bbox 456 286 497 324; x_wconf 89' lang='lat' dir='ltr'>et</span> <span class='ocrx_word' id='word_1_22' title='bbox 527 287 574 325; x_wconf 87' lang='lat' dir='ltr'>tu</span> <span class='ocrx_word' id='word_1_23' title='bbox 606 298 674 324; x_wconf 89' lang='lat' dir='ltr'>me</span> <span class='ocrx_word' id='word_1_24' title='bbox 707 284 835 324; x_wconf 87' lang='lat' dir='ltr'>audes</span> <span class='ocrx_word' id='word_1_25' title='bbox 867 284 1267 327; x_wconf 87' lang='lat' dir='ltr'>facundissimorum</span> <span class='ocrx_word' id='word_1_26' title='bbox 1294 286 1430 327; x_wconf 88' lang='lat' dir='ltr'>homi-</span> 
     </span>
     <span class='ocr_line' id='line_1_5' title="bbox 85 342 1429 398; baseline 0.001 -14"><span class='ocrx_word' id='word_1_27' title='bbox 85 358 188 384; x_wconf 90' lang='lat' dir='ltr'>num</span> <span class='ocrx_word' id='word_1_28' title='bbox 226 343 349 384; x_wconf 84' lang='lat' dir='ltr'>laude</span> <span class='ocrx_word' id='word_1_29' title='bbox 387 342 585 397; x_wconf 77' lang='lat' dir='ltr'>dignari?</span> <span class='ocrx_word' id='word_1_30' title='bbox 652 345 719 395; x_wconf 72' lang='lat' dir='ltr'>tu,</span> <span class='ocrx_word' id='word_1_31' title='bbox 759 343 953 396; x_wconf 81' lang='lat' dir='ltr'>inquam,</span> <span class='ocrx_word' id='word_1_32' title='bbox 997 343 1102 383; x_wconf 88' lang='lat' dir='ltr'>mihi</span> <span class='ocrx_word' id='word_1_33' title='bbox 1139 345 1240 398; x_wconf 71' lang='lat' dir='ltr'>ista,</span> <span class='ocrx_word' id='word_1_34' title='bbox 1278 345 1350 398; x_wconf 88' lang='lat' dir='ltr'>qui</span> <span class='ocrx_word' id='word_1_35' title='bbox 1387 348 1429 386; x_wconf 87' lang='lat' dir='ltr'>te</span> 
     </span>
     <span class='ocr_line' id='line_1_6' title="bbox 88 401 1429 457; baseline 0.001 -14"><span class='ocrx_word' id='word_1_36' title='bbox 88 402 203 443; x_wconf 81' lang='lat' dir='ltr'>ultra</span> <span class='ocrx_word' id='word_1_37' title='bbox 240 401 584 443; x_wconf 73' lang='lat' dir='ltr'>emendationem</span> <span class='ocrx_word' id='word_1_38' title='bbox 617 401 807 442; x_wconf 89' lang='lat' dir='ltr'>omnium</span> <span class='ocrx_word' id='word_1_39' title='bbox 839 401 1090 456; x_wconf 70' lang='lat' dir='ltr'>protulisti?</span> <span class='ocrx_word' id='word_1_40' title='bbox 1150 404 1429 457; x_wconf 84' lang='lat' dir='ltr'>quisquamne</span> 
     </span>
     <span class='ocr_line' id='line_1_7' title="bbox 85 459 1501 515; baseline 0.001 -14"><span class='ocrx_word' id='word_1_41' title='bbox 85 461 147 501; x_wconf 87' lang='lat' dir='ltr'>ita</span> <span class='ocrx_word' id='word_1_42' title='bbox 184 461 309 510; x_wconf 80' lang='lat' dir='ltr'>nitet,</span> <span class='ocrx_word' id='word_1_43' title='bbox 350 463 398 501; x_wconf 90' lang='lat' dir='ltr'>ut</span> <span class='ocrx_word' id='word_1_44' title='bbox 435 463 692 514; x_wconf 85' lang='lat' dir='ltr'>conparatus</span> <span class='ocrx_word' id='word_1_45' title='bbox 731 459 811 500; x_wconf 89' lang='lat' dir='ltr'>tibi</span> <span class='ocrx_word' id='word_1_46' title='bbox 849 474 935 501; x_wconf 90' lang='lat' dir='ltr'>non</span> <span class='ocrx_word' id='word_1_47' title='bbox 975 460 1174 501; x_wconf 73' lang='lat' dir='ltr'>sordeat?</span> <span class='ocrx_word' id='word_1_48' title='bbox 1237 462 1329 515; x_wconf 92' lang='lat' dir='ltr'>quis</span> <span class='ocrx_word' id='word_1_49' title='bbox 1368 462 1430 502; x_wconf 87' lang='lat' dir='ltr'>ita</span> <span class='ocrx_word' id='word_1_50' title='bbox 1457 473 1501 503; x_wconf 83' lang='grc'>20</span> 
     </span>
     <span class='ocr_line' id='line_1_8' title="bbox 86 518 1430 572; baseline 0.001 -12"><span class='ocrx_word' id='word_1_51' title='bbox 86 519 249 572; x_wconf 79' lang='lat' dir='ltr'>Aesopi</span> <span class='ocrx_word' id='word_1_52' title='bbox 298 521 588 572; x_wconf 88' lang='lat' dir='ltr'>uenustatem,</span> <span class='ocrx_word' id='word_1_53' title='bbox 639 518 732 572; x_wconf 89' lang='lat' dir='ltr'>quis</span> <span class='ocrx_word' id='word_1_54' title='bbox 784 518 1040 572; x_wconf 88' lang='lat' dir='ltr'>sophisticas</span> <span class='ocrx_word' id='word_1_55' title='bbox 1084 519 1289 561; x_wconf 90' lang='lat' dir='ltr'>Isocratis</span> <span class='ocrx_word' id='word_1_56' title='bbox 1334 535 1430 561; x_wconf 90' lang='lat' dir='ltr'>con-</span> 
     </span>
     <span class='ocr_line' id='line_1_9' title="bbox 87 577 1430 632; baseline -0.001 -13"><span class='ocrx_word' id='word_1_57' title='bbox 87 578 310 631; x_wconf 79' lang='lat' dir='ltr'>clusiones,</span> <span class='ocrx_word' id='word_1_58' title='bbox 343 577 436 631; x_wconf 91' lang='lat' dir='ltr'>quis</span> <span class='ocrx_word' id='word_1_59' title='bbox 470 577 523 619; x_wconf 86' lang='lat' dir='ltr'>ad</span> <span class='ocrx_word' id='word_1_60' title='bbox 553 578 874 631; x_wconf 86' lang='lat' dir='ltr'>enthymemata</span> <span class='ocrx_word' id='word_1_61' title='bbox 900 577 1202 619; x_wconf 80' lang='lat' dir='ltr'>Demosthenis</span> <span class='ocrx_word' id='word_1_62' title='bbox 1230 581 1303 619; x_wconf 90' lang='lat' dir='ltr'>aut</span> <span class='ocrx_word' id='word_1_63' title='bbox 1330 593 1430 632; x_wconf 86' lang='lat' dir='ltr'>opu-</span> 
     </span>
     <span class='ocr_line' id='line_1_10' title="bbox 85 636 1431 691; baseline 0 -14"><span class='ocrx_word' id='word_1_64' title='bbox 85 637 264 678; x_wconf 83' lang='lat' dir='ltr'>lentiam</span> <span class='ocrx_word' id='word_1_65' title='bbox 309 636 555 677; x_wconf 84' lang='lat' dir='ltr'>Tullianam</span> <span class='ocrx_word' id='word_1_66' title='bbox 600 639 674 677; x_wconf 88' lang='lat' dir='ltr'>aut</span> <span class='ocrx_word' id='word_1_67' title='bbox 715 636 1023 691; x_wconf 83' lang='lat' dir='ltr'>proprietatem</span> <span class='ocrx_word' id='word_1_68' title='bbox 1066 637 1203 678; x_wconf 89' lang='lat' dir='ltr'>nostri</span> <span class='ocrx_word' id='word_1_69' title='bbox 1239 637 1431 678; x_wconf 85' lang='lat' dir='ltr'>Maronis</span> 
     </span>
     <span class='ocr_line' id='line_1_11' title="bbox 87 695 1431 749; baseline 0 -13"><span class='ocrx_word' id='word_1_70' title='bbox 87 695 289 737; x_wconf 79' lang='lat' dir='ltr'>accedat?</span> <span class='ocrx_word' id='word_1_71' title='bbox 366 695 460 749; x_wconf 89' lang='lat' dir='ltr'>quis</span> <span class='ocrx_word' id='word_1_72' title='bbox 510 696 573 736; x_wconf 88' lang='lat' dir='ltr'>ita</span> <span class='ocrx_word' id='word_1_73' title='bbox 622 695 807 736; x_wconf 82' lang='lat' dir='ltr'>adfectet</span> <span class='ocrx_word' id='word_1_74' title='bbox 858 695 1046 749; x_wconf 83' lang='lat' dir='ltr'>singula,</span> <span class='ocrx_word' id='word_1_75' title='bbox 1095 697 1144 736; x_wconf 91' lang='lat' dir='ltr'>ut</span> <span class='ocrx_word' id='word_1_76' title='bbox 1187 698 1234 736; x_wconf 91' lang='lat' dir='ltr'>tu</span> <span class='ocrx_word' id='word_1_77' title='bbox 1278 696 1431 749; x_wconf 85' lang='lat' dir='ltr'>imples</span> 
     </span>
     <span class='ocr_line' id='line_1_12' title="bbox 88 754 1502 808; baseline -0.001 -12"><span class='ocrx_word' id='word_1_78' title='bbox 88 754 261 796; x_wconf 80' lang='lat' dir='ltr'>omnia?</span> <span class='ocrx_word' id='word_1_79' title='bbox 316 754 418 808; x_wconf 89' lang='lat' dir='ltr'>quid</span> <span class='ocrx_word' id='word_1_80' title='bbox 451 755 564 795; x_wconf 91' lang='lat' dir='ltr'>enim</span> <span class='ocrx_word' id='word_1_81' title='bbox 596 754 709 795; x_wconf 88' lang='lat' dir='ltr'>aliud</span> <span class='ocrx_word' id='word_1_82' title='bbox 741 768 798 807; x_wconf 80' lang='lat' dir='ltr'>es,</span> <span class='ocrx_word' id='word_1_83' title='bbox 831 769 958 808; x_wconf 87' lang='lat' dir='ltr'>quam</span> <span class='ocrx_word' id='word_1_84' title='bbox 992 769 1042 795; x_wconf 79' lang='lat' dir='ltr'>ex</span> <span class='ocrx_word' id='word_1_85' title='bbox 1075 755 1190 795; x_wconf 89' lang='lat' dir='ltr'>omni</span> <span class='ocrx_word' id='word_1_86' title='bbox 1222 755 1432 796; x_wconf 85' lang='lat' dir='ltr'>bonarum</span> <span class='ocrx_word' id='word_1_87' title='bbox 1459 766 1502 796; x_wconf 75' lang='lat'>25</span> 
     </span>
     <span class='ocr_line' id='line_1_13' title="bbox 88 812 1432 868; baseline 0 -14"><span class='ocrx_word' id='word_1_88' title='bbox 88 813 243 854; x_wconf 84' lang='lat' dir='ltr'>artium</span> <span class='ocrx_word' id='word_1_89' title='bbox 281 813 453 868; x_wconf 84' lang='lat' dir='ltr'>ingenio</span> <span class='ocrx_word' id='word_1_90' title='bbox 493 814 671 854; x_wconf 85' lang='lat' dir='ltr'>collecta</span> <span class='ocrx_word' id='word_1_91' title='bbox 708 812 944 867; x_wconf 77' lang='lat' dir='ltr'>perfectio?</span> <span class='ocrx_word' id='word_1_92' title='bbox 1006 813 1128 866; x_wconf 80' lang='lat' dir='ltr'>haec,</span> <span class='ocrx_word' id='word_1_93' title='bbox 1168 813 1338 854; x_wconf 89' lang='lat' dir='ltr'>domine</span> <span class='ocrx_word' id='word_1_94' title='bbox 1373 813 1432 854; x_wconf 90' lang='lat' dir='ltr'>mi</span> 
     </span>
     <span class='ocr_line' id='line_1_14' title="bbox 86 870 1433 926; baseline 0.001 -14"><span class='ocrx_word' id='word_1_95' title='bbox 86 871 149 913; x_wconf 90' lang='lat' dir='ltr'>fili</span> <span class='ocrx_word' id='word_1_96' title='bbox 188 870 464 926; x_wconf 81' lang='lat' dir='ltr'>Symmache,</span> <span class='ocrx_word' id='word_1_97' title='bbox 501 887 586 913; x_wconf 90' lang='lat' dir='ltr'>non</span> <span class='ocrx_word' id='word_1_98' title='bbox 626 886 791 924; x_wconf 84' lang='lat' dir='ltr'>uereor,</span> <span class='ocrx_word' id='word_1_99' title='bbox 828 886 881 913; x_wconf 87' lang='lat' dir='ltr'>ne</span> <span class='ocrx_word' id='word_1_100' title='bbox 918 872 962 912; x_wconf 92' lang='lat' dir='ltr'>in</span> <span class='ocrx_word' id='word_1_101' title='bbox 1000 874 1042 912; x_wconf 88' lang='lat' dir='ltr'>te</span> <span class='ocrx_word' id='word_1_102' title='bbox 1080 871 1278 913; x_wconf 88' lang='lat' dir='ltr'>blandius</span> <span class='ocrx_word' id='word_1_103' title='bbox 1318 872 1433 913; x_wconf 85' lang='lat' dir='ltr'>dicta</span> 
     </span>
     <span class='ocr_line' id='line_1_15' title="bbox 89 930 1431 985; baseline 0 -14"><span class='ocrx_word' id='word_1_104' title='bbox 89 930 315 971; x_wconf 86' lang='lat' dir='ltr'>uideantur</span> <span class='ocrx_word' id='word_1_105' title='bbox 359 945 452 972; x_wconf 89' lang='lat' dir='ltr'>esse</span> <span class='ocrx_word' id='word_1_106' title='bbox 497 945 625 985; x_wconf 89' lang='lat' dir='ltr'>quam</span> <span class='ocrx_word' id='word_1_107' title='bbox 670 931 822 972; x_wconf 89' lang='lat' dir='ltr'>uerius.</span> <span class='ocrx_word' id='word_1_108' title='bbox 891 933 933 970; x_wconf 90' lang='lat' dir='ltr'>et</span> <span class='ocrx_word' id='word_1_109' title='bbox 977 933 1175 984; x_wconf 79' lang='lat' dir='ltr'>expertus</span> <span class='ocrx_word' id='word_1_110' title='bbox 1221 944 1265 972; x_wconf 88' lang='lat' dir='ltr'>es</span> <span class='ocrx_word' id='word_1_111' title='bbox 1306 931 1431 971; x_wconf 87' lang='lat' dir='ltr'>fidem</span> 
     </span>
     <span class='ocr_line' id='line_1_16' title="bbox 88 989 1434 1044; baseline -0.001 -14"><span class='ocrx_word' id='word_1_112' title='bbox 88 1004 228 1030; x_wconf 88' lang='lat' dir='ltr'>meam</span> <span class='ocrx_word' id='word_1_113' title='bbox 261 990 414 1030; x_wconf 89' lang='lat' dir='ltr'>mentis</span> <span class='ocrx_word' id='word_1_114' title='bbox 447 995 573 1044; x_wconf 89' lang='lat' dir='ltr'>atque</span> <span class='ocrx_word' id='word_1_115' title='bbox 605 989 834 1042; x_wconf 83' lang='lat' dir='ltr'>dictorum,</span> <span class='ocrx_word' id='word_1_116' title='bbox 873 989 972 1030; x_wconf 87' lang='lat' dir='ltr'>dum</span> <span class='ocrx_word' id='word_1_117' title='bbox 1004 989 1049 1030; x_wconf 89' lang='lat' dir='ltr'>in</span> <span class='ocrx_word' id='word_1_118' title='bbox 1081 990 1288 1031; x_wconf 88' lang='lat' dir='ltr'>comitatu</span> <span class='ocrx_word' id='word_1_119' title='bbox 1321 989 1434 1044; x_wconf 82' lang='lat' dir='ltr'>degi-</span> 
     </span>
     <span class='ocr_line' id='line_1_17' title="bbox 88 1048 1504 1102; baseline 0 -13"><span class='ocrx_word' id='word_1_120' title='bbox 88 1063 182 1089; x_wconf 91' lang='lat' dir='ltr'>mus</span> <span class='ocrx_word' id='word_1_121' title='bbox 216 1049 342 1089; x_wconf 83' lang='lat' dir='ltr'>ambo</span> <span class='ocrx_word' id='word_1_122' title='bbox 375 1063 479 1090; x_wconf 88' lang='lat' dir='ltr'>aeuo</span> <span class='ocrx_word' id='word_1_123' title='bbox 512 1049 686 1102; x_wconf 87' lang='lat' dir='ltr'>dispari.</span> <span class='ocrx_word' id='word_1_124' title='bbox 745 1048 820 1089; x_wconf 88' lang='lat' dir='ltr'>ubi</span> <span class='ocrx_word' id='word_1_125' title='bbox 845 1050 891 1088; x_wconf 90' lang='lat' dir='ltr'>tu</span> <span class='ocrx_word' id='word_1_126' title='bbox 917 1048 1074 1089; x_wconf 87' lang='lat' dir='ltr'>ueteris</span> <span class='ocrx_word' id='word_1_127' title='bbox 1106 1048 1286 1089; x_wconf 86' lang='lat' dir='ltr'>militiae</span> <span class='ocrx_word' id='word_1_128' title='bbox 1315 1062 1433 1102; x_wconf 84' lang='lat' dir='ltr'>prae·</span> <span class='ocrx_word' id='word_1_129' title='bbox 1460 1059 1504 1089; x_wconf 90' lang='lat'>30</span> 
     </span>
     <span class='ocr_line' id='line_1_18' title="bbox 90 1107 1434 1161; baseline -0.001 -13"><span class='ocrx_word' id='word_1_130' title='bbox 90 1108 178 1148; x_wconf 83' lang='lat' dir='ltr'>mia</span> <span class='ocrx_word' id='word_1_131' title='bbox 209 1107 292 1148; x_wconf 88' lang='lat' dir='ltr'>tiro</span> <span class='ocrx_word' id='word_1_132' title='bbox 326 1108 533 1161; x_wconf 79' lang='lat' dir='ltr'>meruisti,</span> <span class='ocrx_word' id='word_1_133' title='bbox 566 1121 644 1161; x_wconf 83' lang='lat' dir='ltr'>ego</span> <span class='ocrx_word' id='word_1_134' title='bbox 678 1107 924 1148; x_wconf 85' lang='lat' dir='ltr'>tirocinium</span> <span class='ocrx_word' id='word_1_135' title='bbox 953 1107 1038 1147; x_wconf 86' lang='lat' dir='ltr'>iam</span> <span class='ocrx_word' id='word_1_136' title='bbox 1065 1109 1291 1148; x_wconf 86' lang='lat' dir='ltr'>ueteranus</span> <span class='ocrx_word' id='word_1_137' title='bbox 1319 1121 1434 1147; x_wconf 86' lang='lat' dir='ltr'>exer-</span> 
     </span>
     <span class='ocr_line' id='line_1_19' title="bbox 92 1166 1434 1220; baseline -0.001 -13"><span class='ocrx_word' id='word_1_138' title='bbox 92 1167 171 1207; x_wconf 89' lang='lat' dir='ltr'>cui.</span> <span class='ocrx_word' id='word_1_139' title='bbox 234 1167 279 1207; x_wconf 88' lang='lat' dir='ltr'>in</span> <span class='ocrx_word' id='word_1_140' title='bbox 317 1166 523 1207; x_wconf 85' lang='lat' dir='ltr'>comitatu</span> <span class='ocrx_word' id='word_1_141' title='bbox 561 1166 643 1207; x_wconf 89' lang='lat' dir='ltr'>tibi</span> <span class='ocrx_word' id='word_1_142' title='bbox 680 1180 807 1206; x_wconf 88' lang='lat' dir='ltr'>uerus</span> <span class='ocrx_word' id='word_1_143' title='bbox 849 1166 929 1218; x_wconf 80' lang='lat' dir='ltr'>fui,</span> <span class='ocrx_word' id='word_1_144' title='bbox 966 1166 1122 1206; x_wconf 89' lang='lat' dir='ltr'>nedum</span> <span class='ocrx_word' id='word_1_145' title='bbox 1159 1180 1225 1206; x_wconf 91' lang='lat' dir='ltr'>me</span> <span class='ocrx_word' id='word_1_146' title='bbox 1257 1179 1434 1220; x_wconf 80' lang='lat' dir='ltr'>peregre</span> 
     </span>
     <span class='ocr_line' id='line_1_20' title="bbox 89 1224 1435 1280; baseline -0.001 -15"><span class='ocrx_word' id='word_1_147' title='bbox 89 1225 307 1266; x_wconf 79' lang='lat' dir='ltr'>existimes</span> <span class='ocrx_word' id='word_1_148' title='bbox 352 1226 579 1280; x_wconf 87' lang='lat' dir='ltr'>conposita</span> <span class='ocrx_word' id='word_1_149' title='bbox 621 1224 819 1265; x_wconf 84' lang='lat' dir='ltr'>fabulari.</span> <span class='ocrx_word' id='word_1_150' title='bbox 888 1224 933 1265; x_wconf 89' lang='lat' dir='ltr'>in</span> <span class='ocrx_word' id='word_1_151' title='bbox 977 1224 1202 1278; x_wconf 67' lang='lat' dir='ltr'>comitam,</span> <span class='ocrx_word' id='word_1_152' title='bbox 1247 1225 1435 1279; x_wconf 78' lang='lat' dir='ltr'>inquam,</span> 
     </span>
    </p>
   </div>
   <div class='ocr_carea' id='block_1_3' title="bbox 91 1418 1437 1620">
    <p class='ocr_par' dir='ltr' id='par_1_3' title="bbox 91 1418 1437 1620">
     <span class='ocr_line' id='line_1_21' title="bbox 186 1418 1437 1479; baseline -0.002 -10"><span class='ocrx_word' id='word_1_153' title='bbox 186 1438 228 1469; x_wconf 83' lang='lat'>15</span> <span class='ocrx_word' id='word_1_154' title='bbox 255 1433 496 1469; x_wconf 85' lang='lat' dir='ltr'>cameleontis</span> <span class='ocrx_word' id='word_1_155' title='bbox 530 1434 614 1476; x_wconf 80' lang='lat' dir='ltr'>V6l</span> <span class='ocrx_word' id='word_1_156' title='bbox 643 1433 797 1468; x_wconf 83' lang='lat' dir='ltr'>uestiole</span> <span class='ocrx_word' id='word_1_157' title='bbox 832 1433 949 1475; x_wconf 72' lang='lat' dir='ltr'>V1R1</span> <span class='ocrx_word' id='word_1_158' title='bbox 981 1431 1058 1467; x_wconf 81' lang='lat' dir='ltr'>uite</span> <span class='ocrx_word' id='word_1_159' title='bbox 1087 1433 1164 1476; x_wconf 58' lang='lat' dir='ltr'>Psi</span> <span class='ocrx_word' id='word_1_160' title='bbox 1193 1434 1304 1479; x_wconf 82' lang='lat' dir='ltr'>quae]</span> <span class='ocrx_word' id='word_1_161' title='bbox 1332 1418 1355 1476; x_wconf 56' lang='grc' dir='ltr'>(ἵ</span> <span class='ocrx_word' id='word_1_162' title='bbox 1389 1433 1437 1467; x_wconf 86' lang='lat' dir='ltr'>Vl</span> 
     </span>
     <span class='ocr_line' id='line_1_22' title="bbox 91 1480 1434 1526; baseline 0 -12"><span class='ocrx_word' id='word_1_163' title='bbox 91 1485 191 1524; x_wconf 52' lang='lat' dir='ltr'>quac}</span> <span class='ocrx_word' id='word_1_164' title='bbox 213 1481 249 1514; x_wconf 90' lang='lat' dir='ltr'><em>P</em></span> <span class='ocrx_word' id='word_1_165' title='bbox 323 1486 365 1516; x_wconf 87' lang='grc'>16</span> <span class='ocrx_word' id='word_1_166' title='bbox 387 1482 480 1516; x_wconf 85' lang='lat' dir='ltr'>aliut</span> <span class='ocrx_word' id='word_1_167' title='bbox 502 1481 546 1514; x_wconf 80' lang='lat' dir='ltr'>V¹</span> <span class='ocrx_word' id='word_1_168' title='bbox 571 1484 574 1523; x_wconf 91' lang='grc' dir='ltr'>Ι</span> <span class='ocrx_word' id='word_1_169' title='bbox 599 1492 640 1515; x_wconf 84' lang='lat' dir='ltr'>ex</span> <span class='ocrx_word' id='word_1_170' title='bbox 662 1481 838 1526; x_wconf 84' lang='lat' dir='ltr'>epistula]</span> <span class='ocrx_word' id='word_1_171' title='bbox 861 1492 904 1514; x_wconf 82' lang='lat' dir='ltr'>ex</span> <span class='ocrx_word' id='word_1_172' title='bbox 925 1481 1086 1525; x_wconf 71' lang='lat' dir='ltr'>epistula</span> <span class='ocrx_word' id='word_1_173' title='bbox 1108 1480 1155 1513; x_wconf 84' lang='lat' dir='ltr'>V1</span> <span class='ocrx_word' id='word_1_174' title='bbox 1181 1480 1351 1525; x_wconf 82' lang='lat' dir='ltr'>exempla</span> <span class='ocrx_word' id='word_1_175' title='bbox 1370 1480 1406 1514; x_wconf 88' lang='lat' dir='ltr'><strong><em>P</em></strong></span> <span class='ocrx_word' id='word_1_176' title='bbox 1430 1480 1434 1526; x_wconf 99' lang='grc' dir='ltr'>Ι</span> 
     </span>
     <span class='ocr_line' id='line_1_23' title="bbox 92 1524 1436 1574; baseline -0.001 -12"><span class='ocrx_word' id='word_1_177' title='bbox 92 1528 186 1562; x_wconf 81' lang='lat' dir='ltr'>aliut</span> <span class='ocrx_word' id='word_1_178' title='bbox 206 1529 254 1562; x_wconf 87' lang='lat' dir='ltr'>V¹</span> <span class='ocrx_word' id='word_1_179' title='bbox 329 1532 371 1563; x_wconf 88' lang='lat'>18</span> <span class='ocrx_word' id='word_1_180' title='bbox 391 1529 520 1574; x_wconf 71' lang='lat' dir='ltr'>laude3</span> <span class='ocrx_word' id='word_1_181' title='bbox 537 1528 573 1562; x_wconf 90' lang='lat' dir='ltr'><em>P</em></span> <span class='ocrx_word' id='word_1_182' title='bbox 594 1531 597 1570; x_wconf 97' lang='grc' dir='ltr'>Ι</span> <span class='ocrx_word' id='word_1_183' title='bbox 623 1524 656 1561; x_wconf 74' lang='lat' dir='ltr'>(l</span> <span class='ocrx_word' id='word_1_184' title='bbox 676 1531 717 1562; x_wconf 91' lang='lat' dir='ltr'>tu</span> <span class='ocrx_word' id='word_1_185' title='bbox 733 1528 770 1561; x_wconf 90' lang='lat' dir='ltr'><em>P</em></span> <span class='ocrx_word' id='word_1_186' title='bbox 791 1530 794 1570; x_wconf 93' lang='grc' dir='ltr'>Ι</span> <span class='ocrx_word' id='word_1_187' title='bbox 817 1528 903 1561; x_wconf 87' lang='lat' dir='ltr'>mici</span> <span class='ocrx_word' id='word_1_188' title='bbox 923 1528 957 1562; x_wconf 90' lang='lat' dir='ltr'><strong><em>V</em></strong></span> <span class='ocrx_word' id='word_1_189' title='bbox 975 1531 977 1569; x_wconf 94' lang='grc' dir='ltr'>Ι</span> <span class='ocrx_word' id='word_1_190' title='bbox 1001 1527 1063 1562; x_wconf 88' lang='lat' dir='ltr'>isti</span> <span class='ocrx_word' id='word_1_191' title='bbox 1077 1528 1113 1562; x_wconf 99' lang='lat' dir='ltr'><em>R</em></span> <span class='ocrx_word' id='word_1_192' title='bbox 1182 1531 1223 1561; x_wconf 88' lang='lat'>19</span> <span class='ocrx_word' id='word_1_193' title='bbox 1245 1527 1436 1562; x_wconf 86' lang='lat' dir='ltr'>hominum</span> 
     </span>
     <span class='ocr_line' id='line_1_24' title="bbox 99 1574 1437 1620; baseline 0 -12"><span class='ocrx_word' id='word_1_194' title='bbox 99 1575 132 1608; x_wconf 92' lang='lat' dir='ltr'><em>V</em></span> <span class='ocrx_word' id='word_1_195' title='bbox 153 1579 156 1618; x_wconf 94' lang='grc' dir='ltr'>Ι</span> <span class='ocrx_word' id='word_1_196' title='bbox 179 1575 421 1620; x_wconf 78' lang='lat' dir='ltr'>quisquamne</span> <span class='ocrx_word' id='word_1_197' title='bbox 446 1576 481 1609; x_wconf 91' lang='lat' dir='ltr'><strong><em>V</em></strong></span> <span class='ocrx_word' id='word_1_198' title='bbox 502 1578 543 1610; x_wconf 88' lang='lat' dir='ltr'>ut</span> <span class='ocrx_word' id='word_1_199' title='bbox 568 1575 765 1619; x_wconf 82' lang='lat' dir='ltr'>quisquam</span> <span class='ocrx_word' id='word_1_200' title='bbox 792 1575 829 1609; x_wconf 91' lang='lat' dir='ltr'><em>P</em></span> <span class='ocrx_word' id='word_1_201' title='bbox 850 1576 914 1609; x_wconf 85' lang='lat' dir='ltr'>aut</span> <span class='ocrx_word' id='word_1_202' title='bbox 938 1574 1134 1618; x_wconf 86' lang='lat' dir='ltr'>quisquam</span> <span class='ocrx_word' id='word_1_203' title='bbox 1161 1586 1181 1608; x_wconf 99' lang='lat'><em>6</em></span> <span class='ocrx_word' id='word_1_204' title='bbox 1206 1574 1298 1608; x_wconf 86' lang='lat' dir='ltr'>haut</span> <span class='ocrx_word' id='word_1_205' title='bbox 1317 1574 1437 1610; x_wconf 75' lang='lat' dir='ltr'>Schott</span> 
     </span>
    </p>
   </div>
   <div class='ocr_carea' id='block_1_4' title="bbox 90 1643 1439 1950">
    <p class='ocr_par' dir='ltr' id='par_1_4' title="bbox 90 1643 1439 1950">
     <span class='ocr_line' id='line_1_25' title="bbox 314 1643 348 1660; baseline 0 0"><span class='ocrx_word' id='word_1_206' title='bbox 314 1643 348 1660; x_wconf 72' lang='lat' dir='ltr'>ra</span> 
     </span>
     <span class='ocr_line' id='line_1_26' title="bbox 139 1667 1438 1716; baseline -0.003 -12"><span class='ocrx_word' id='word_1_207' title='bbox 139 1673 183 1703; x_wconf 83' lang='lat'>20</span> <span class='ocrx_word' id='word_1_208' title='bbox 210 1673 389 1714; x_wconf 84' lang='lat' dir='ltr'>conpatus</span> <span class='ocrx_word' id='word_1_209' title='bbox 417 1669 449 1703; x_wconf 93' lang='lat' dir='ltr'><em>V</em></span> <span class='ocrx_word' id='word_1_210' title='bbox 470 1672 473 1712; x_wconf 94' lang='grc' dir='ltr'>Ι</span> <span class='ocrx_word' id='word_1_211' title='bbox 496 1668 550 1703; x_wconf 84' lang='lat' dir='ltr'>ita</span> <span class='ocrx_word' id='word_1_212' title='bbox 576 1669 621 1702; x_wconf 80' lang='lat' dir='ltr'>ad</span> <span class='ocrx_word' id='word_1_213' title='bbox 648 1668 688 1702; x_wconf 90' lang='lat' dir='ltr'><em>F</em></span> <span class='ocrx_word' id='word_1_214' title='bbox 775 1673 818 1702; x_wconf 90' lang='grc'>21</span> <span class='ocrx_word' id='word_1_215' title='bbox 847 1668 950 1716; x_wconf 67' lang='lat' dir='ltr'>esopi</span> <span class='ocrx_word' id='word_1_216' title='bbox 977 1669 1024 1702; x_wconf 88' lang='lat' dir='ltr'>V1</span> <span class='ocrx_word' id='word_1_217' title='bbox 1049 1668 1155 1712; x_wconf 81' lang='lat' dir='ltr'>ysopi</span> <span class='ocrx_word' id='word_1_218' title='bbox 1186 1667 1232 1701; x_wconf 77' lang='lat' dir='ltr'>V2</span> <span class='ocrx_word' id='word_1_219' title='bbox 1256 1671 1259 1709; x_wconf 94' lang='grc' dir='ltr'>Ι</span> <span class='ocrx_word' id='word_1_220' title='bbox 1283 1667 1363 1711; x_wconf 87' lang='lat' dir='ltr'>quis</span> <span class='ocrx_word' id='word_1_221' title='bbox 1390 1667 1438 1702; x_wconf 88' lang='lat' dir='ltr'>ad</span> 
     </span>
     <span class='ocr_line' id='line_1_27' title="bbox 91 1714 1434 1761; baseline -0.001 -12"><span class='ocrx_word' id='word_1_222' title='bbox 91 1715 131 1749; x_wconf 87' lang='lat' dir='ltr'><strong><em>F</em></strong></span> <span class='ocrx_word' id='word_1_223' title='bbox 162 1719 166 1759; x_wconf 93' lang='grc' dir='ltr'>Ι</span> <span class='ocrx_word' id='word_1_224' title='bbox 201 1717 395 1761; x_wconf 82' lang='lat' dir='ltr'>sopisticas</span> <span class='ocrx_word' id='word_1_225' title='bbox 429 1717 475 1751; x_wconf 87' lang='lat' dir='ltr'>Vl</span> <span class='ocrx_word' id='word_1_226' title='bbox 511 1719 514 1759; x_wconf 94' lang='grc' dir='ltr'>Ι</span> <span class='ocrx_word' id='word_1_227' title='bbox 549 1716 719 1750; x_wconf 88' lang='lat' dir='ltr'>isocratis</span> <span class='ocrx_word' id='word_1_228' title='bbox 745 1716 827 1750; x_wconf 84' lang='lat' dir='ltr'>RD</span> <span class='ocrx_word' id='word_1_229' title='bbox 863 1716 1045 1760; x_wconf 80' lang='lat' dir='ltr'>ysocratis</span> <span class='ocrx_word' id='word_1_230' title='bbox 1074 1716 1109 1749; x_wconf 91' lang='lat' dir='ltr'><em>P</em></span> <span class='ocrx_word' id='word_1_231' title='bbox 1139 1714 1293 1750; x_wconf 83' lang='lat' dir='ltr'>socratis</span> <span class='ocrx_word' id='word_1_232' title='bbox 1327 1714 1404 1748; x_wconf 88' lang='lat' dir='ltr'>VF</span> <span class='ocrx_word' id='word_1_233' title='bbox 1431 1714 1434 1759; x_wconf 95' lang='grc' dir='ltr'>Ι</span> 
     </span>
     <span class='ocr_line' id='line_1_28' title="bbox 91 1760 1437 1807; baseline -0.002 -10"><span class='ocrx_word' id='word_1_234' title='bbox 91 1764 335 1798; x_wconf 86' lang='lat' dir='ltr'>conclusionis</span> <span class='ocrx_word' id='word_1_235' title='bbox 361 1765 398 1799; x_wconf 91' lang='lat' dir='ltr'><em>R</em></span> <span class='ocrx_word' id='word_1_236' title='bbox 494 1767 538 1797; x_wconf 91' lang='grc'>22</span> <span class='ocrx_word' id='word_1_237' title='bbox 572 1764 655 1807; x_wconf 80' lang='lat' dir='ltr'>quis</span> <span class='ocrx_word' id='word_1_238' title='bbox 686 1763 740 1797; x_wconf 84' lang='lat' dir='ltr'>ita</span> <span class='ocrx_word' id='word_1_239' title='bbox 766 1763 812 1797; x_wconf 86' lang='lat' dir='ltr'>ad</span> <span class='ocrx_word' id='word_1_240' title='bbox 839 1774 859 1797; x_wconf 89' lang='lat'><em>6</em></span> <span class='ocrx_word' id='word_1_241' title='bbox 893 1766 896 1806; x_wconf 93' lang='grc' dir='ltr'>Ι</span> <span class='ocrx_word' id='word_1_242' title='bbox 932 1763 1173 1797; x_wconf 80' lang='lat' dir='ltr'>entimemata</span> <span class='ocrx_word' id='word_1_243' title='bbox 1206 1762 1281 1795; x_wconf 88' lang='lat' dir='ltr'>VP</span> <span class='ocrx_word' id='word_1_244' title='bbox 1317 1760 1437 1795; x_wconf 85' lang='lat' dir='ltr'>enthi-</span> 
     </span>
     <span class='ocr_line' id='line_1_29' title="bbox 90 1809 1436 1854; baseline -0.001 -11"><span class='ocrx_word' id='word_1_245' title='bbox 90 1811 254 1845; x_wconf 80' lang='lat' dir='ltr'>memata</span> <span class='ocrx_word' id='word_1_246' title='bbox 280 1823 300 1845; x_wconf 93' lang='lat'><em>6</em></span> <span class='ocrx_word' id='word_1_247' title='bbox 323 1814 326 1854; x_wconf 93' lang='grc' dir='ltr'>Ι</span> <span class='ocrx_word' id='word_1_248' title='bbox 351 1811 577 1846; x_wconf 82' lang='lat' dir='ltr'>demostenis</span> <span class='ocrx_word' id='word_1_249' title='bbox 612 1810 670 1844; x_wconf 86' lang='lat' dir='ltr'>V6</span> <span class='ocrx_word' id='word_1_250' title='bbox 702 1810 962 1845; x_wconf 85' lang='lat' dir='ltr'>demosthenes</span> <span class='ocrx_word' id='word_1_251' title='bbox 989 1811 1046 1853; x_wconf 88' lang='grc' dir='ltr'>ΡΙ</span> <span class='ocrx_word' id='word_1_252' title='bbox 1075 1811 1139 1844; x_wconf 83' lang='lat' dir='ltr'>aut</span> <span class='ocrx_word' id='word_1_253' title='bbox 1167 1809 1281 1853; x_wconf 87' lang='lat' dir='ltr'>opul.]</span> <span class='ocrx_word' id='word_1_254' title='bbox 1310 1810 1352 1842; x_wconf 89' lang='lat' dir='ltr'>ut</span> <span class='ocrx_word' id='word_1_255' title='bbox 1378 1818 1436 1853; x_wconf 90' lang='lat' dir='ltr'>op.</span> 
     </span>
     <span class='ocr_line' id='line_1_30' title="bbox 90 1856 1439 1903; baseline -0.002 -11"><span class='ocrx_word' id='word_1_256' title='bbox 90 1857 126 1892; x_wconf 87' lang='lat' dir='ltr'><em>R</em></span> <span class='ocrx_word' id='word_1_257' title='bbox 152 1860 258 1902; x_wconf 70' lang='lat' dir='ltr'>[post</span> <span class='ocrx_word' id='word_1_258' title='bbox 284 1857 513 1903; x_wconf 85' lang='lat' dir='ltr'>opulentiam</span> <span class='ocrx_word' id='word_1_259' title='bbox 541 1859 581 1892; x_wconf 76' lang='lat' dir='ltr'>in</span> <span class='ocrx_word' id='word_1_260' title='bbox 606 1869 719 1903; x_wconf 74' lang='lat' dir='ltr'>mary.</span> <span class='ocrx_word' id='word_1_261' title='bbox 751 1865 788 1900; x_wconf 87' lang='lat'>&gt;&lt;-</span> <span class='ocrx_word' id='word_1_262' title='bbox 818 1859 865 1892; x_wconf 75' lang='lat' dir='ltr'>al.</span> <span class='ocrx_word' id='word_1_263' title='bbox 894 1857 927 1891; x_wconf 90' lang='lat' dir='ltr'><em>V</em></span> <span class='ocrx_word' id='word_1_264' title='bbox 997 1861 1042 1890; x_wconf 79' lang='grc'>24</span> <span class='ocrx_word' id='word_1_265' title='bbox 1068 1856 1265 1891; x_wconf 84' lang='lat' dir='ltr'>accedatur</span> <span class='ocrx_word' id='word_1_266' title='bbox 1291 1856 1439 1897; x_wconf 78' lang='lat' dir='ltr'>(omissa</span> 
     </span>
     <span class='ocr_line' id='line_1_31' title="bbox 90 1902 1438 1950; baseline -0.002 -12"><span class='ocrx_word' id='word_1_267' title='bbox 90 1905 344 1950; x_wconf 40' lang='lat' dir='ltr'>iovzterroyandi</span> <span class='ocrx_word' id='word_1_268' title='bbox 368 1910 471 1949; x_wconf 71' lang='lat' dir='ltr'>nota)</span> <span class='ocrx_word' id='word_1_269' title='bbox 500 1906 535 1939; x_wconf 89' lang='lat' dir='ltr'><em>P</em></span> <span class='ocrx_word' id='word_1_270' title='bbox 556 1908 559 1947; x_wconf 98' lang='grc' dir='ltr'>Ι</span> <span class='ocrx_word' id='word_1_271' title='bbox 582 1904 675 1950; x_wconf 63' lang='lat' dir='ltr'>italls</span> <span class='ocrx_word' id='word_1_272' title='bbox 696 1909 734 1945; x_wconf 83' lang='grc'>(3</span> <span class='ocrx_word' id='word_1_273' title='bbox 761 1906 829 1940; x_wconf 72' lang='lat' dir='ltr'>litt.</span> <span class='ocrx_word' id='word_1_274' title='bbox 855 1906 985 1947; x_wconf 80' lang='lat' dir='ltr'>erasis)</span> <span class='ocrx_word' id='word_1_275' title='bbox 1018 1904 1072 1946; x_wconf 75' lang='lat' dir='ltr'>V1</span> <span class='ocrx_word' id='word_1_276' title='bbox 1097 1903 1245 1939; x_wconf 74' lang='lat' dir='ltr'>affectet</span> <span class='ocrx_word' id='word_1_277' title='bbox 1272 1903 1361 1936; x_wconf 68' lang='lat' dir='ltr'>VPS</span> <span class='ocrx_word' id='word_1_278' title='bbox 1386 1902 1438 1936; x_wconf 85' lang='lat' dir='ltr'>af-</span> 
     </span>
    </p>
   </div>
   <div class='ocr_carea' id='block_1_5' title="bbox 90 1966 1441 2074">
    <p class='ocr_par' dir='ltr' id='par_1_5' title="bbox 90 1966 1441 2074">
     <span class='ocr_line' id='line_1_32' title="bbox 90 1966 1439 2026; baseline -0.002 -11"><span class='ocrx_word' id='word_1_279' title='bbox 90 1981 206 2016; x_wconf 84' lang='lat' dir='ltr'>fectat</span> <span class='ocrx_word' id='word_1_280' title='bbox 231 1993 251 2015; x_wconf 92' lang='lat'><em>6</em></span> <span class='ocrx_word' id='word_1_281' title='bbox 348 1986 392 2016; x_wconf 87' lang='grc'>25</span> <span class='ocrx_word' id='word_1_282' title='bbox 425 1982 519 2016; x_wconf 69' lang='lat' dir='ltr'>enim</span> <span class='ocrx_word' id='word_1_283' title='bbox 547 1983 608 2026; x_wconf 77' lang='grc' dir='ltr'>(αῖ.</span> <span class='ocrx_word' id='word_1_284' title='bbox 637 1982 742 2026; x_wconf 78' lang='lat' dir='ltr'>corr.)</span> <span class='ocrx_word' id='word_1_285' title='bbox 776 1982 810 2015; x_wconf 93' lang='lat' dir='ltr'><em>V</em></span> <span class='ocrx_word' id='word_1_286' title='bbox 833 1966 851 2016; x_wconf 68' lang='lat' dir='ltr'>&lt;i</span> <span class='ocrx_word' id='word_1_287' title='bbox 885 1982 937 2025; x_wconf 74' lang='lat' dir='ltr'>(cet</span> <span class='ocrx_word' id='word_1_288' title='bbox 969 1981 1054 2015; x_wconf 74' lang='lat' dir='ltr'>haee</span> <span class='ocrx_word' id='word_1_289' title='bbox 1077 1984 1164 2015; x_wconf 71' lang='lat' dir='ltr'>nota</span> <span class='ocrx_word' id='word_1_290' title='bbox 1191 1991 1209 2014; x_wconf 86' lang='lat' dir='ltr'>c</span> <span class='ocrx_word' id='word_1_291' title='bbox 1234 1990 1309 2013; x_wconf 71' lang='lat' dir='ltr'>non</span> <span class='ocrx_word' id='word_1_292' title='bbox 1335 1989 1353 2012; x_wconf 94' lang='lat' dir='ltr'>c</span> <span class='ocrx_word' id='word_1_293' title='bbox 1378 1979 1439 2012; x_wconf 76' lang='lat' dir='ltr'>sed</span> 
     </span>
     <span class='ocr_line' id='line_1_33' title="bbox 93 2023 1441 2074; baseline -0.002 -12"><span class='ocrx_word' id='word_1_294' title='bbox 93 2039 111 2062; x_wconf 87' lang='lat' dir='ltr'>e</span> <span class='ocrx_word' id='word_1_295' title='bbox 139 2029 251 2072; x_wconf 74' lang='lat' dir='ltr'>ualet)</span> <span class='ocrx_word' id='word_1_296' title='bbox 277 2029 313 2064; x_wconf 92' lang='lat' dir='ltr'><em>P</em></span> <span class='ocrx_word' id='word_1_297' title='bbox 338 2032 341 2072; x_wconf 89' lang='grc' dir='ltr'>Ι</span> <span class='ocrx_word' id='word_1_298' title='bbox 376 2030 469 2064; x_wconf 88' lang='lat' dir='ltr'>aliut</span> <span class='ocrx_word' id='word_1_299' title='bbox 502 2029 558 2072; x_wconf 71' lang='lat' dir='ltr'>Vl</span> <span class='ocrx_word' id='word_1_300' title='bbox 594 2029 649 2074; x_wconf 89' lang='lat' dir='ltr'>es]</span> <span class='ocrx_word' id='word_1_301' title='bbox 677 2040 721 2063; x_wconf 82' lang='lat' dir='ltr'>ex</span> <span class='ocrx_word' id='word_1_302' title='bbox 749 2029 786 2062; x_wconf 98' lang='lat' dir='ltr'>P</span> <span class='ocrx_word' id='word_1_303' title='bbox 880 2032 923 2063; x_wconf 83' lang='grc'>26</span> <span class='ocrx_word' id='word_1_304' title='bbox 950 2028 1115 2071; x_wconf 79' lang='lat' dir='ltr'>perfecta</span> <span class='ocrx_word' id='word_1_305' title='bbox 1144 2027 1203 2069; x_wconf 86' lang='grc' dir='ltr'>ΡΙ</span> <span class='ocrx_word' id='word_1_306' title='bbox 1242 2023 1273 2059; x_wconf 71' lang='lat' dir='ltr'>(l</span> <span class='ocrx_word' id='word_1_307' title='bbox 1300 2025 1377 2060; x_wconf 89' lang='lat' dir='ltr'>Hec</span> <span class='ocrx_word' id='word_1_308' title='bbox 1405 2025 1441 2058; x_wconf 87' lang='lat' dir='ltr'><em>P</em></span> 
     </span>
    </p>
   </div>
   <div class='ocr_carea' id='block_1_6' title="bbox 92 2080 1386 2150">
    <p class='ocr_par' dir='ltr' id='par_1_6' title="bbox 92 2080 1386 2150">
     <span class='ocr_line' id='line_1_34' title="bbox 92 2080 1386 2150; baseline -0.003 -11"><span class='ocrx_word' id='word_1_309' title='bbox 92 2105 170 2139; x_wconf 84' lang='lat' dir='ltr'>Hec</span> <span class='ocrx_word' id='word_1_310' title='bbox 203 2105 251 2139; x_wconf 88' lang='lat' dir='ltr'>V¹</span> <span class='ocrx_word' id='word_1_311' title='bbox 286 2108 289 2148; x_wconf 88' lang='grc' dir='ltr'>Ι</span> <span class='ocrx_word' id='word_1_312' title='bbox 325 2106 394 2140; x_wconf 75' lang='lat' dir='ltr'>dne</span> <span class='ocrx_word' id='word_1_313' title='bbox 422 2107 511 2150; x_wconf 88' lang='lat' dir='ltr'>(omi</span> <span class='ocrx_word' id='word_1_314' title='bbox 537 2107 584 2141; x_wconf 82' lang='lat' dir='ltr'>al.</span> <span class='ocrx_word' id='word_1_315' title='bbox 609 2107 668 2149; x_wconf 76' lang='lat' dir='ltr'>ss.)</span> <span class='ocrx_word' id='word_1_316' title='bbox 704 2105 737 2139; x_wconf 94' lang='lat' dir='ltr'><em>V</em></span> <span class='ocrx_word' id='word_1_317' title='bbox 831 2108 873 2138; x_wconf 83' lang='lat'>27</span> <span class='ocrx_word' id='word_1_318' title='bbox 908 2104 1044 2138; x_wconf 81' lang='lat' dir='ltr'>simace</span> <span class='ocrx_word' id='word_1_319' title='bbox 1078 2103 1125 2137; x_wconf 82' lang='lat' dir='ltr'>V¹</span> <span class='ocrx_word' id='word_1_320' title='bbox 1164 2080 1304 2137; x_wconf 45' lang='lat' dir='ltr'>simae}</span> <span class='ocrx_word' id='word_1_321' title='bbox 1338 2102 1386 2134; x_wconf 70' lang='lat' dir='ltr'>V2</span> 
     </span>
    </p>
   </div>
   <div class='ocr_carea' id='block_1_7' title="bbox 93 2148 1439 2338">
    <p class='ocr_par' dir='ltr' id='par_1_7' title="bbox 93 2148 1439 2246">
     <span class='ocr_line' id='line_1_35' title="bbox 93 2148 1438 2198; baseline -0.004 -13"><span class='ocrx_word' id='word_1_322' title='bbox 93 2155 137 2186; x_wconf 84' lang='grc'>29</span> <span class='ocrx_word' id='word_1_323' title='bbox 163 2151 298 2187; x_wconf 87' lang='lat' dir='ltr'>mentis</span> <span class='ocrx_word' id='word_1_324' title='bbox 324 2154 443 2196; x_wconf 86' lang='lat' dir='ltr'>adque</span> <span class='ocrx_word' id='word_1_325' title='bbox 476 2153 511 2187; x_wconf 89' lang='lat' dir='ltr'><em>V</em></span> <span class='ocrx_word' id='word_1_326' title='bbox 532 2152 711 2198; x_wconf 69' lang='lat' dir='ltr'>mentisq3</span> <span class='ocrx_word' id='word_1_327' title='bbox 742 2153 852 2196; x_wconf 80' lang='lat' dir='ltr'>atque</span> <span class='ocrx_word' id='word_1_328' title='bbox 881 2152 916 2185; x_wconf 91' lang='lat' dir='ltr'><em>P</em></span> <span class='ocrx_word' id='word_1_329' title='bbox 938 2154 940 2193; x_wconf 94' lang='grc' dir='ltr'>Ι</span> <span class='ocrx_word' id='word_1_330' title='bbox 970 2149 1189 2186; x_wconf 80' lang='lat' dir='ltr'>commitatu</span> <span class='ocrx_word' id='word_1_331' title='bbox 1223 2149 1256 2182; x_wconf 94' lang='lat' dir='ltr'><em>V</em></span> <span class='ocrx_word' id='word_1_332' title='bbox 1283 2148 1438 2182; x_wconf 62' lang='lat' dir='ltr'>amitatu</span> 
     </span>
     <span class='ocr_line' id='line_1_36' title="bbox 95 2194 1439 2246; baseline -0.004 -14"><span class='ocrx_word' id='word_1_333' title='bbox 95 2199 131 2232; x_wconf 91' lang='lat' dir='ltr'><em>P</em></span> <span class='ocrx_word' id='word_1_334' title='bbox 152 2202 155 2240; x_wconf 94' lang='grc' dir='ltr'>Ι</span> <span class='ocrx_word' id='word_1_335' title='bbox 178 2200 348 2244; x_wconf 86' lang='lat' dir='ltr'>degimur</span> <span class='ocrx_word' id='word_1_336' title='bbox 377 2200 412 2234; x_wconf 92' lang='lat' dir='ltr'><em>V</em></span> <span class='ocrx_word' id='word_1_337' title='bbox 433 2200 575 2245; x_wconf 83' lang='lat' dir='ltr'>egimus</span> <span class='ocrx_word' id='word_1_338' title='bbox 601 2200 638 2234; x_wconf 90' lang='lat' dir='ltr'><em>P</em></span> <span class='ocrx_word' id='word_1_339' title='bbox 730 2203 775 2233; x_wconf 88' lang='lat'>30</span> <span class='ocrx_word' id='word_1_340' title='bbox 802 2200 871 2246; x_wconf 72' lang='lat' dir='ltr'>ebo</span> <span class='ocrx_word' id='word_1_341' title='bbox 903 2198 946 2232; x_wconf 91' lang='lat' dir='ltr'>V¹</span> <span class='ocrx_word' id='word_1_342' title='bbox 972 2201 975 2241; x_wconf 88' lang='grc' dir='ltr'>Ι</span> <span class='ocrx_word' id='word_1_343' title='bbox 998 2197 1115 2242; x_wconf 85' lang='lat' dir='ltr'>premi</span> <span class='ocrx_word' id='word_1_344' title='bbox 1146 2196 1190 2230; x_wconf 81' lang='lat' dir='ltr'>V¹</span> <span class='ocrx_word' id='word_1_345' title='bbox 1217 2195 1359 2242; x_wconf 66' lang='lat' dir='ltr'>premia</span> <span class='ocrx_word' id='word_1_346' title='bbox 1392 2194 1439 2227; x_wconf 72' lang='lat' dir='ltr'>V2</span> 
     </span>
    </p>

    <p class='ocr_par' dir='ltr' id='par_1_8' title="bbox 95 2241 1439 2338">
     <span class='ocr_line' id='line_1_37' title="bbox 142 2241 1439 2292; baseline -0.006 -10"><span class='ocrx_word' id='word_1_347' title='bbox 142 2251 184 2281; x_wconf 88' lang='lat'>31</span> <span class='ocrx_word' id='word_1_348' title='bbox 224 2249 307 2291; x_wconf 86' lang='lat' dir='ltr'>tyro</span> <span class='ocrx_word' id='word_1_349' title='bbox 339 2247 375 2281; x_wconf 90' lang='lat' dir='ltr'><em>P</em></span> <span class='ocrx_word' id='word_1_350' title='bbox 406 2250 409 2290; x_wconf 96' lang='grc' dir='ltr'>Ι</span> <span class='ocrx_word' id='word_1_351' title='bbox 444 2246 667 2292; x_wconf 82' lang='lat' dir='ltr'>tyrocinium</span> <span class='ocrx_word' id='word_1_352' title='bbox 702 2247 737 2280; x_wconf 89' lang='lat' dir='ltr'><em>P</em></span> <span class='ocrx_word' id='word_1_353' title='bbox 771 2249 773 2288; x_wconf 97' lang='grc' dir='ltr'>Ι</span> <span class='ocrx_word' id='word_1_354' title='bbox 814 2246 888 2280; x_wconf 84' lang='lat' dir='ltr'>iam</span> <span class='ocrx_word' id='word_1_355' title='bbox 924 2256 988 2280; x_wconf 84' lang='lat' dir='ltr'>om.</span> <span class='ocrx_word' id='word_1_356' title='bbox 1018 2245 1055 2278; x_wconf 88' lang='lat' dir='ltr'><em>P</em></span> <span class='ocrx_word' id='word_1_357' title='bbox 1149 2248 1192 2277; x_wconf 76' lang='lat'>32</span> <span class='ocrx_word' id='word_1_358' title='bbox 1226 2253 1376 2287; x_wconf 82' lang='lat' dir='ltr'>peregre</span> <span class='ocrx_word' id='word_1_359' title='bbox 1406 2241 1439 2274; x_wconf 91' lang='lat' dir='ltr'><em>P</em></span> 
     </span>
     <span class='ocr_line' id='line_1_38' title="bbox 95 2293 773 2338; baseline -0.004 -9"><span class='ocrx_word' id='word_1_360' title='bbox 95 2304 285 2338; x_wconf 80' lang='lat' dir='ltr'>peregrem</span> <span class='ocrx_word' id='word_1_361' title='bbox 315 2295 347 2329; x_wconf 89' lang='lat' dir='ltr'><em>V</em></span> <span class='ocrx_word' id='word_1_362' title='bbox 442 2299 485 2329; x_wconf 89' lang='lat'>33</span> <span class='ocrx_word' id='word_1_363' title='bbox 513 2294 708 2338; x_wconf 81' lang='lat' dir='ltr'>conposita</span> <span class='ocrx_word' id='word_1_364' title='bbox 740 2293 773 2327; x_wconf 93' lang='lat' dir='ltr'><em>V</em></span> 
     </span>
    </p>
   </div>
  </div>
 </body>
</html>
