1563 2511
615 65 996 107 .—382—

164 172 356 227 sequitur
382 170 625 226 Tlepolemi
645 169 989 226 Sarpedonisque
1016 170 1276 225 congressio,
1306 171 1348 211 et
1367 169 1517 224 Tlepo-

162 232 300 273 lemus
332 229 529 272 Herculis
562 229 676 271 filius
709 229 943 271 certamine
976 230 1116 271 uictus
1153 229 1367 271 occiditur.
1547 240 1563 271 1

809 356 870 392 VI.

381 427 519 472 Τρώων
547 424 584 462 δ’
613 426 734 473 οἰώθη
761 428 825 462 καὶ
848 425 998 472 Ἀχαιῶν
1027 427 1189 471 φύλοπις
1215 425 1303 471 αἰνή

308 474 417 510 Solae
445 475 638 510 decertant
663 475 760 510 acies
785 474 863 510 sine
889 473 1042 509 numine
1069 475 1214 518 diuum,

309 522 485 558 Cessante
512 522 665 557 auxilio:
694 533 760 556 sua
786 523 918 566 cuique
946 533 1076 557 exorsa·
1100 521 1267 556 laborem

307 570 585 614 Fortunamque
611 569 753 612 ferunt,
778 569 920 614 proprii
947 568 1161 604 discrimine
1187 569 1267 603 fati.

254 653 452 696 Troianis
498 654 671 695 fortuna
716 653 986 695 inclinatiore
1031 653 1328 708 pugnantibus
1368 653 1519 694 suadet
1544 666 1563 697 5

163 712 368 766 Helenus,
400 715 449 753 ut
480 711 675 754 Minerua
707 712 913 766 placetur.
958 713 1091 767 igitur
1116 712 1296 754 Hecuba
1328 712 1383 754 ab
1410 711 1517 754 Hec-

164 775 258 813 tore
302 771 487 824 monita,
537 774 586 812 ut
628 771 803 826 peplum
847 771 892 812 in
938 785 1079 813 arcem
1131 771 1304 825 inferat,
1348 771 1520 826 peragit

164 833 267 872 uota
313 845 410 871 cum
454 830 677 871 matribus.
747 830 990 871 Alexander
1032 830 1284 885 obiurgatus
1324 845 1348 871 a
1385 830 1518 871 fratre

166 889 310 944 pergit
340 890 383 930 in
415 889 639 943 proelium.
703 888 894 930 Glaucus
931 888 1088 943 Lycius
1121 889 1388 943 Aetolusque
1419 888 1518 930 Dio-

166 949 309 989 medes
349 948 590 1003 congressi,
628 951 676 989 ut
715 949 988 1002 dimicarent,
1034 963 1129 990 cum
1172 949 1259 990 iam
1300 951 1517 990 certamen
1545 962 1562 992 1

167 1007 369 1061 oriretur,
405 1010 587 1062 paterna
618 1007 731 1049 inter
763 1022 806 1048 se
838 1007 1031 1061 hospitia
1062 1007 1274 1049 recordati
1304 1007 1421 1049 facta
1453 1022 1515 1048 ar-

167 1081 335 1107 morum
368 1067 686 1121 permutatione
719 1067 956 1108 discedunt.

808 1194 884 1230 Vn.

348 1260 413 1304 Ὣς
441 1263 555 1299 εἰπὼν
581 1264 729 1299 πυλέων
757 1262 930 1307 ἐξέσσυτο
957 1267 1137 1310 φαίδιμος
1155 1261 1297 1309 ’Έκτωρ

310 1312 411 1346 Haec
437 1312 501 1348 ubi
528 1312 629 1347 dicta
654 1311 774 1356 dedit,
800 1313 918 1356 portis
945 1324 1024 1348 sese
1051 1313 1185 1348 extulit
1210 1313 1357 1347 Hector.

255 1396 475 1438 Mineruae
508 1396 809 1451 Apollinisque
851 1412 1060 1439 consensu
1094 1398 1355 1439 fortissimus
1389 1397 1518 1439 Grae-

167 1470 314 1497 corum
341 1456 395 1497 ab
417 1455 603 1497 Hectore
629 1458 901 1510 prouocatur.
944 1471 1100 1498 nouem
1127 1456 1304 1498 ducibus
1326 1456 1377 1497 ad
1400 1456 1519 1498 dimi-

166 1515 350 1556 candum
376 1515 539 1569 paratis
566 1517 860 1570 pugnaturum
886 1515 1008 1568 diligi
1034 1516 1178 1570 placet
1199 1517 1327 1557 sortis
1350 1517 1517 1556 euentu.
1544 1528 1563 1558 5

166 1575 219 1615 ab
248 1574 377 1616 Aiace
405 1573 657 1615 Telamonio
690 1575 901 1629 proelium
936 1575 1152 1629 singulare
1186 1575 1441 1616 conseritur:
1474 1575 1518 1615 in

259 1690 309 1725 VI
337 1695 356 1724 2
385 1691 494 1734 Vei-g.
517 1692 548 1724 A
574 1690 608 1724 II
630 1694 707 1725 777.
737 1690 769 1724 V
789 1694 844 1725 56.
871 1690 921 1724 VI
943 1694 1011 1726 368
1039 1691 1115 1725 sine
1143 1691 1290 1725 numine
1318 1690 1455 1725 diuom:

261 1742 292 1772 3.
320 1742 352 1772 4.
381 1738 518 1782 Vergil.
547 1738 579 1771 A
604 1738 637 1772 X
660 1741 724 1772 111
749 1750 801 1782 sq.
831 1749 896 1773 sua
922 1759 968 1764 —
994 1738 1125 1773 ferent.

259 1797 326 1832 VII
354 1801 373 1831 2
407 1798 516 1842 Vei-g.
544 1799 576 1832 A
601 1797 670 1831 XII
689 1801 756 1832 441
786 1798 877 1832 haec
909 1797 973 1832 ubi
1007 1797 1108 1832 dicta
1135 1796 1258 1840 dedit,
1291 1797 1408 1842 portis
1439 1808 1516 1832 sese

166 1845 300 1879 extulit
325 1844 467 1889 ingens.

261 1955 280 1986 9
307 1951 522 1995 treptalcmi
551 1951 611 1995 Pl
643 1951 889 1994 tuptalemus
915 1951 952 1984 P

261 2009 309 2043 VI
338 2014 355 2043 1
384 2008 523 2054 οἰώθη]
551 2020 652 2043 ome1
672 2010 730 2051 ΡΙ
754 2007 928 2055 φύλοπις]
960 2018 1081 2053 <macic
1104 2010 1139 2043 P
1211 2013 1230 2043 2
1258 2007 1407 2043 nomine
1436 2009 1472 2042 P

165 2061 185 2091 3
214 2067 280 2091 sua
300 2057 433 2101 cuique
447 2056 648 2091 Accua-saus
674 2056 857 2101 uacuique
878 2056 914 2090 P
985 2061 1006 2091 4
1032 2057 1171 2102 ferunt]
1193 2052 1257 2091 fer'
1283 2056 1319 2090 P
1391 2061 1410 2090 5
1433 2067 1515 2090 sua-

165 2105 229 2139 det
254 2103 434 2149 Helenus]
463 2105 566 2137 uates
592 2102 744 2138 helenus
766 2104 802 2138 P
830 2105 934 2138 uates
955 2103 1118 2138 Helenus
1145 2104 1276 2139 suadet
1304 2103 1469 2148 Vyoletus

213 2156 232 2186 9
258 2152 376 2197 plium
397 2151 434 2185 P
458 2151 462 2194 1
495 2152 640 2185 clausus
666 2151 779 2194 lytius
808 2151 981 2197 7holusq3
1008 2150 1210 2194 dyomedes
1237 2151 1273 2186 P

260 2210 328 2245 VII
356 2215 373 2244 1
396 2208 560 2255 πυλέων]
587 2221 743 2244 irracufl
770 2210 828 2251 Pl
861 2219 1043 2253 mammo<
1069 2210 1105 2244 P
1176 2214 1196 2244 3
1224 2208 1412 2254 appolinis
1435 2210 1471 2243 P

164 2263 185 2292 4
213 2258 505 2293 dimidicandum
526 2257 577 2291 ΡΒ
651 2261 670 2291 5
693 2257 807 2301 deligi
833 2257 999 2302 Vonetus
1027 2260 1031 2301 Ι
1066 2257 1200 2301 placet.
1230 2255 1348 2292 Sortis
1377 2257 1514 2292 euentu

165 2306 211 2341 ab
239 2305 341 2340 aiace
368 2305 405 2339 P
484 2309 503 2339 6
530 2303 759 2339 thelamonio
785 2304 821 2338 P
853 2306 858 2349 Ι
894 2303 1010 2350 plium
1038 2305 1074 2338 P
