1563 2511
636 61 952 102 *⁴245—

49 201 143 227 ΧΠΠ
165 202 229 233 [393
244 202 301 232 Ep.
314 201 378 232 1111]
560 186 805 222 AVSONIVS
831 186 1022 224 THEONI.

120 273 357 323 Ausonius,
390 275 506 314 cuius
537 271 719 312 ferulam
750 286 862 312 nunc
895 275 1064 326 sceptra
1096 277 1313 327 uerentur,

119 332 340 384 Paganum
373 330 558 372 Medulis
593 330 719 371 iubeo
754 331 919 371 saluere
951 330 1181 372 Theonem.

181 389 289 439 Quid
322 390 434 445 geris
467 389 669 430 extremis
701 389 869 442 positus
902 390 1068 431 telluris
1101 391 1145 430 in
1178 391 1281 444 oris,

120 448 271 492 Cultor
300 449 560 490 harenarum
590 448 740 489 uates?
802 448 870 489 cui
902 448 1004 489 litus
1038 449 1242 490 arandum

121 507 280 550 Oceani
311 508 441 549 finem
473 508 593 548 iuxta
625 507 842 561 solemque
876 507 1116 558 cadentem,
1447 518 1467 548 5

120 566 232 608 Vilis
263 567 542 608 harundineis
575 565 748 607 cohibet
781 580 905 620 quem
937 567 1116 622 pergula
1147 567 1272 607 tectis

119 625 178 667 Et
209 626 372 681 tinguit
402 625 524 680 piceo
556 625 782 666 lacrimosa
814 625 1006 666 colonica
1037 625 1168 667 fumo.

120 684 229 733 Quid
262 699 404 725 rerum
436 684 671 738 Musaeque
704 687 859 737 gerunt
891 687 933 725 et
965 687 1116 726 cantor
1146 683 1333 738 Apollo?

119 743 265 784 Musae
298 758 384 785 non
417 742 624 785 Helicone
657 747 774 783 satae
804 757 882 784 nec
915 743 1032 784 fonte
1065 743 1239 797 caballi,

121 801 195 844 Set
227 817 334 857 quae
366 802 551 843 facundo
585 802 634 842 de
667 806 839 856 pectore
872 799 1130 843 Clementini
1425 812 1468 842 10

119 860 338 915 Inspirant
369 875 529 903 uacuos
562 861 700 902 aliena
733 863 875 902 mente
904 864 1067 914 poetas.

120 919 217 961 Iure
250 920 438 974 quidem:
470 934 571 961 nam
605 920 698 974 quis
732 920 854 960 malit
887 934 963 961 sua
994 920 1185 961 carmina
1217 919 1315 972 dici,

122 978 204 1028 Qui
235 982 278 1020 te
311 993 459 1020 securo
492 979 632 1032 possit
664 979 934 1032 proscindere
966 978 1085 1020 risu‘?

120 1037 240 1078 Haec
273 1052 439 1092 quoque
471 1051 524 1078 ne
556 1040 752 1078 nostrum
785 1038 954 1091 possint
986 1050 1138 1091 urgere
1170 1036 1395 1090 pudorem,

123 1096 187 1138 Tu
219 1096 372 1138 recita:
405 1100 447 1138 et
478 1111 578 1137 uere
610 1098 814 1150 poterunt
846 1099 921 1137 tua
953 1096 1065 1137 dicta
1096 1096 1244 1137 uideri.
1428 1105 1470 1135 15

122 1154 259 1204 Quam
291 1158 436 1196 tamen
468 1169 637 1196 exerces
670 1153 940 1196 Medulorum
972 1156 1016 1196 in
1046 1155 1174 1196 litore
1205 1153 1370 1195 uitam?

121 1213 394 1255 Mercatusne
427 1214 567 1269 agitas
601 1213 763 1254 leuiore
794 1214 1052 1255 nomismate
1085 1216 1282 1267 captans,

121 1272 294 1314 Insanis
328 1273 441 1327 quod
474 1287 574 1314 mox
605 1272 756 1326 pretiis
789 1273 934 1327 grauis
968 1272 1110 1314 auctio
1143 1271 1330 1313 uendat?

122 1331 324 1373 Albentis
358 1332 449 1373 seui
482 1331 681 1386 globulos
715 1333 758 1371 et
789 1332 967 1386 pinguia
1000 1346 1121 1372 cerae

122 1389 319 1432 Pondera
345 1389 666 1445 Naryciamque
699 1391 837 1444 picem
866 1390 1127 1444 scissamque
1153 1403 1363 1444 papyrum
1427 1399 1471 1429 20

119 1447 437 1503 Fumantesque
470 1449 650 1502 olidum,
683 1450 894 1503 paganica
926 1449 1109 1503 lumina,
1140 1447 1319 1490 taedas?

120 1508 190 1548 An
221 1509 384 1549 maiora
416 1522 569 1563 gerens
602 1511 696 1548 tota
727 1508 901 1562 regione
933 1512 1145 1563 uagantes

120 1565 395 1621 Persequeris
428 1567 559 1621 fures,
595 1567 666 1620 qui
698 1569 741 1607 te
774 1570 994 1621 postrema
1025 1568 1228 1608 timentes

218 1693 319 1728 XIHI
339 1694 500 1740 Theoni]
523 1694 600 1729 sal'.
621 1694 682 1738 pl'.
705 1693 797 1728 dicit
817 1695 900 1729 add.
926 1693 958 1727 T
975 1694 1135 1728 salutem
1155 1695 1239 1729 add.
1261 1694 1294 1728 (τ’
1314 1704 1379 1728 om.
1405 1692 1476 1728 VL
1505 1691 1563 1726 Vi

172 1746 191 1776 2
221 1753 239 1776 e
264 1742 423 1776 medulis
449 1742 482 1776 Z
502 1742 506 1787 Ι
530 1741 674 1776 salbete
700 1740 756 1786 Vl
780 1741 976 1776 etheonem
1004 1743 1038 1785 (e
1065 1746 1149 1776 ante
1174 1743 1190 1775 t
1216 1742 1262 1776 αῖ.
1289 1742 1370 1785 del.)
1397 1740 1429 1775 V

121 1816 141 1845 4
169 1823 363 1847 arenarum
394 1811 523 1847 V1TG
552 1815 556 1855 Ι
584 1796 690 1846 &ates
719 1812 752 1845 T
778 1815 781 1854 ἲ
812 1812 918 1846 littus
948 1812 981 1845 Z
1075 1816 1095 1846 5
1129 1812 1279 1847 occeani
1309 1811 1354 1846 Τ1
1452 1815 1472 1845 6

121 1859 333 1894 arundineis
364 1858 452 1893 V¹L
475 1860 479 1905 Ι
504 1859 626 1894 coibet
657 1859 703 1894 V1
728 1862 731 1902 1
753 1859 905 1903 percula
930 1859 965 1893 V
1058 1862 1077 1893 7
1103 1860 1217 1904 tingit
1243 1859 1275 1894 G
1298 1862 1302 1902 l
1324 1859 1473 1901 lachry—

121 1929 225 1953 mosa
247 1918 281 1951 L
305 1921 309 1961 Ι
332 1918 479 1953 colonia
500 1918 533 1952 T
627 1921 648 1952 8
674 1909 782 1963 gemit
806 1918 841 1952 V
933 1923 953 1952 9
980 1919 1122 1953 elicone
1147 1918 1196 1958 V]
1215 1917 1367 1952 caballi:
1388 1917 1412 1950 b
1434 1918 1474 1951 in

120 1977 142 1999 v
169 1965 217 1999 al.
243 1964 279 1999 V
373 1969 415 1999 10
443 1966 514 2011 set]
543 1965 601 2011 Vl
623 1966 781 2000 fecundo
809 1966 997 2000 Auantius
1020 1968 1023 2010 Ι
1047 1965 1253 2001 dementini
1279 1965 1313 2000 L
1335 1965 1339 2006 1
1368 1968 1405 2006 >'<-
1436 1966 1474 1998 in

120 2023 233 2057 mary.
266 2012 300 2047 V
394 2016 434 2047 12
464 2013 573 2058 qquis
601 2015 643 2057 (q
669 2014 750 2057 del.)
779 2013 811 2047 T
843 2025 937 2057 quae
965 2013 997 2047 G
1096 2018 1139 2048 14
1176 2013 1296 2057 Haec]
1324 2012 1375 2046 Ec
1406 2011 1440 2045 V
1465 2012 1468 2056 Ι

120 2076 250 2116 urgvre
280 2071 313 2106 V
409 2076 451 2107 16
477 2062 577 2108 tame
607 2072 637 2106 V
660 2076 662 2115 l
692 2072 937 2107 medullorum
969 2071 1057 2106 V¹L
1080 2075 1083 2115 l
1112 2072 1238 2107 littore
1267 2072 1300 2105 Z
1321 2073 1325 2114 l
1354 2069 1472 2104 bitam

126 2141 161 2174 V
254 2145 295 2176 17
322 2143 383 2188 ne]
410 2154 468 2178 me
500 2142 534 2177 V
560 2146 564 2186 ι
599 2142 742 2177 lebioia
766 2127 991 2177 nomismata
1021 2142 1056 2177 V
1084 2143 1222 2177 leuiore
1248 2141 1471 2175 numismate

123 2189 157 2222 Z
178 2192 181 2232 Ι
204 2189 357 2224 cabtans
389 2189 434 2223 V1
510 2193 553 2224 18
579 2190 706 2234 grauis
733 2201 796 2225 om.
830 2189 886 2230 Vl
909 2190 1008 2224 actio
1040 2189 1075 2223 V
1145 2194 1186 2223 19
1215 2188 1382 2223 albentes
1410 2186 1444 2218 V
1466 2203 1467 2214 ³

124 2236 201 2270 sebi
234 2236 268 2270 V
301 2237 401 2271 sceui
429 2237 485 2280 ΤΙ
519 2237 659 2282 pingua
689 2236 736 2271 Vl
833 2240 877 2270 20
904 2236 1079 2271 naritiam
1105 2236 1183 2291 LG
1206 2238 1210 2279 ἰ
1246 2236 1375 2269 sissam
1401 2232 1435 2266 L
1465 2233 1468 2277 Ι

122 2294 292 2339 papirum
323 2295 392 2330 VL
419 2298 481 2340 (pa
506 2307 548 2331 esc
574 2307 622 2331 ua
646 2295 690 2340 V)
789 2300 832 2331 22
859 2295 1007 2341 gerens]
1033 2296 1130 2330 terre
1120 2307 1151 2329 s
1183 2294 1238 2329 V
1261 2284 1416 2339 bagates
1441 2290 1476 2326 V
