1563 2511
595 97 913 138 —273—

77 204 121 243 et
146 215 267 244 mora
290 200 516 242 habitandi
542 201 594 242 ad
620 201 892 243 commodum
913 215 1036 243 suum
1056 205 1203 244 utatur
1223 203 1266 243 et
1285 216 1422 243 nauso

77 259 217 302 aliaue
250 274 334 314 qua
364 260 467 301 :naui
492 274 625 314 usque
653 259 706 301 ad
732 260 935 316 oppidum
960 260 1158 314 praebita
1182 260 1320 316 frugis
1348 260 1422 302 ali-

76 321 281 373 quantum
312 321 485 359 nostrae
518 318 675 360 aduehi
706 319 862 373 possit,
896 318 1161 360 Lucaniacus
1193 322 1242 360 ut
1274 320 1424 373 inopia

73 377 278 418 liberetur
321 379 504 418 mature:
546 379 641 419 tota
684 377 759 418 illa
802 376 968 418 familia
1011 377 1199 418 hominis
1239 378 1424 419 litterati

72 450 158 477 non
184 435 237 477 ad
257 435 387 477 Tullii
413 435 756 488 frumentariam,
784 436 858 477 sed
885 435 937 477 ad
959 433 1259 478 Curculionem
1278 436 1423 478 Plauti

71 494 315 548 pertinebit.
366 493 448 536 hoc
481 508 564 548 quo
596 494 764 536 facilius
796 495 1086 549 impetrarem,
1119 497 1193 535 aut
1219 510 1302 549 quo
1331 509 1422 536 ma-

71 553 207 595 iorem
244 553 452 594 uerereris
490 553 754 608 molestiam,
799 553 836 595 si
871 567 1073 608 negares,
1120 553 1422 594 concinnatam

71 612 227 653 iambis
270 612 570 666 signatamque
612 612 664 653 ad
708 614 750 653 te
789 612 1020 666 epistulam
1064 612 1182 662 misi,
1226 626 1279 653 ne
1324 612 1421 653 sub-

72 672 270 712 ornatum
301 671 464 712 diceres
501 670 794 724 tabellarium,
838 671 874 712 si
908 671 962 712 ad
993 673 1036 711 te
1071 670 1161 712 sine
1195 670 1308 725 signi
1339 670 1422 711 fide

70 729 250 771 ueniret.
302 729 472 784 signaui
505 732 668 784 autem,
699 743 807 783 non,
838 732 886 770 ut
916 729 1096 770 Plautus
1129 729 1209 779 ait,

159 799 240 841 Per
272 813 414 841 ceram
446 801 489 840 et
520 799 688 854 lignum
719 800 972 854 litterasque
1003 799 1277 854 interpretes3

71 869 143 911 sed
175 884 251 924 per
280 870 495 924 poeticum
525 870 834 911 characterem:
867 871 1005 925 magis
1038 873 1189 912 notam
1220 870 1422 925 inustam,

70 942 199 982 quam
232 929 406 983 signum
437 929 694 983 impressum
727 929 949 971 iudicares.

70 1009 247 1064 Philon,
279 1010 386 1052 meis
420 1011 492 1064 qui
523 1010 724 1052 uilicatus
756 1010 961 1065 praediis,

128 1068 189 1110 Vt
220 1069 313 1123 ipse
345 1069 456 1123 uult,
488 1067 759 1123 ἐπίτροπος,’

69 1126 203 1182 (Nam
236 1127 474 1181 gloriosum
507 1127 739 1169 Graeculus
771 1142 927 1169 nomen
959 1130 1103 1182 putat,

129 1185 250 1234 Quod
285 1200 422 1227 sermo
455 1186 573 1228 fucat
605 1184 784 1241 Dorius)

69 1243 165 1286 Suis
198 1245 399 1298 querellis
431 1244 592 1286 adserit
623 1247 795 1287 nostras
827 1259 992 1299 preces,
1399 1255 1419 1285 5

128 1302 241 1352 Quas
273 1304 366 1358 ipse
397 1303 539 1345 lentus
571 1318 820 1358 prosequor.

66 1361 247 1403 Videbis
279 1362 438 1416 ipsum,
471 1362 611 1417 qualis
645 1362 786 1404 adstet
817 1362 1075 1417 comminus,

125 1420 275 1475 Imago
307 1420 507 1462 fortunae
541 1435 659 1475 suae,

67 1478 229 1533 Canus,
261 1493 477 1532 comosus,
508 1480 722 1534 hispidus,
754 1482 871 1534 trux,
903 1480 1092 1534 atribux,

127 1537 411 1580 Terentianus
442 1537 666 1589 Phormio,
1375 1547 1418 1578 10

163 1635 206 1665 14
238 1629 536 1676 frumentariam]
571 1630 615 1665 cf.
644 1630 853 1665 Priscianus
878 1630 947 1664 VII
975 1634 1036 1674 62,
1071 1628 1210 1665 Probus
1236 1628 1321 1664 inst.
1348 1630 1417 1663 art.

66 1681 122 1722 60,
151 1682 171 1713 8
198 1678 241 1712 Κ.
362 1680 408 1712 20
433 1675 555 1712 Plaut.
583 1676 714 1712 Pseud.
741 1678 758 1712 Ι
785 1681 815 1721 1,
842 1681 888 1712 40
915 1680 988 1722 (42)

162 1729 206 1760 10
233 1724 361 1760 Cicero
386 1735 454 1769 pro
481 1724 643 1759 Caecina
664 1728 718 1767 10,
740 1728 801 1759 27:
827 1735 896 1759 nec
921 1724 1043 1759 minus
1070 1724 1177 1769 niger
1202 1734 1269 1758 nec
1294 1723 1416 1758 minus

66 1772 252 1807 confidens
279 1783 391 1816 quam
416 1770 481 1806 ille
507 1770 752 1806 Terentianus
778 1774 836 1807 est
860 1770 1047 1806 Phormio.

161 1858 203 1888 11
231 1854 319 1900 qua]
348 1853 478 1898 quauis
507 1853 539 1888 G
562 1855 567 1898 Ι
594 1853 684 1888 naui
709 1853 841 1900 usque]
868 1853 1067 1898 nauimque
1091 1852 1148 1897 T}
1177 1851 1328 1897 opidum
1351 1852 1383 1885 T
1409 1853 1413 1898 ι

64 1901 340 1946 aliquantulum
365 1900 400 1935 G
498 1904 540 1936 12
569 1900 703 1936 deuehi
730 1901 780 1935 M
876 1905 920 1935 14
947 1901 1132 1935 culionem
1158 1900 1192 1933 Z
1220 1910 1310 1935 corr.
1338 1907 1367 1943 ψ

65 1953 109 1984 16
134 1948 272 1983 ueteris
300 1947 334 1983 T
362 1947 520 1983 uerreris
548 1947 639 1982 GM
658 1958 748 1985 corr.
769 1956 798 1991 ψ
875 1952 917 1983 17
944 1947 1061 1982 iambi
1089 1947 1178 1981 TM
1201 1948 1204 1990 Ι
1240 1958 1321 1991 quae
1349 1946 1383 1980 T
1409 1947 1412 1992 Ι

64 1995 161 2040 epl'a
192 1995 224 2029 T
318 1998 362 2030 20
395 1995 484 2041 que]
524 1995 624 2040 quod
650 1995 684 2029 G
779 1999 823 2030 21
857 1997 1085 2030 caracterem
1109 1994 1146 2028 Z
1182 1995 1186 2038 Ι
1227 1997 1269 2028 ut
1294 1993 1414 2038 magis

65 2043 269 2078 Mommsen
290 2045 333 2077 ut
352 2052 418 2078 om.
435 2043 469 2076 Z
490 2046 495 2085 Ι
522 2043 613 2076 nota
625 2041 748 2077 minus
762 2043 941 2087 tanquam
954 2042 989 2076 Z
1004 2044 1094 2077 nota
1108 2041 1147 2075 ui
1159 2041 1284 2075 inusta
1305 2052 1416 2084 quam

65 2090 95 2124 si
122 2089 271 2134 signum
297 2089 409 2124 Sabis.
437 2100 527 2124 corr.
551 2090 754 2124 Mommsen
795 2091 807 2134 ss
852 2094 869 2124 1
897 2089 1031 2124 Philon
1057 2090 1137 2123 init.
1159 2089 1246 2123 min.
1264 2098 1331 2122 scr,
1348 2087 1381 2120 T
1409 2088 1412 2132 Ι

63 2136 252 2172 uillicatus
281 2136 353 2171 TG
375 2137 379 2181 1
401 2135 416 2171 ἶ
441 2133 526 2181 pliis
552 2136 580 2180 (i
608 2137 690 2180 del.)
715 2136 747 2169 T
829 2141 849 2171 2
876 2137 917 2171 in
942 2147 1010 2182 my.
1038 2137 1084 2170 al.
1112 2136 1196 2170 add.
1225 2145 1288 2169 seu
1316 2135 1415 2177 quod

63 2185 210 2219 mauult
225 2184 257 2218 Τ
277 2185 281 2226 1
306 2181 506 2228 ἐπίτροῶος
526 2184 573 2218 αῖ.
589 2185 763 2219 recentior
777 2195 820 2219 m.
839 2184 871 2217 T
895 2190 1109 2227 επιτροωΟΗ
1118 2182 1168 2216 M
1190 2178 1368 2224 επιτροςὴ
1381 2179 1415 2214 G

125 2235 144 2265 5
171 2231 333 2275 querelis
360 2231 394 2264 Z
426 2232 431 2274 1
467 2230 622 2276 adserit]
649 2231 699 2266 M
791 2235 810 2266 7
838 2231 934 2265 astet
961 2230 994 2264 G
1030 2233 1033 2272 1
1075 2228 1238 2264 cominus
1269 2227 1358 2261 TM

65 2282 85 2313 9
114 2277 262 2313 atribux
286 2278 321 2312 Z
351 2289 402 2312 an
434 2277 585 2312 acribux
616 2274 860 2324 (ἄκρόβυστος
891 2276 1151 2321 praeputiatus
1178 2277 1200 2309 ι’.
1228 2274 1415 2309 truculen-

64 2326 166 2367 tus)?
254 2328 298 2359 10
323 2324 572 2359 terrentianus
601 2324 635 2359 G

136 2390 309 2416 Avsomvs.
1159 2383 1200 2414 18

1451 216 1493 247 10

1450 508 1492 539 15

1447 812 1492 844 20
