1563 2511
797 599 835 640 V

578 715 1049 759 GOMMEMORATIO

71 859 235 889 [190—216]
412 836 1220 884 PROFESSORVM

567 966 1061 1007 BVRDIGALENSIVM.

70 1132 146 1163 [190]
673 1116 960 1151 PRAEFATIO.

201 1202 291 1243 Vos
325 1202 472 1255 etiam,
506 1216 612 1255 quos
644 1201 762 1242 nulla
793 1200 900 1242 mihi
934 1200 1134 1255 cognatio
1167 1198 1323 1249 iunxit,

260 1259 334 1302 Set
364 1261 480 1302 fama
513 1263 554 1301 et
586 1275 708 1301 carae
740 1260 910 1313 relligio
943 1259 1127 1313 patriae,

201 1319 260 1361 Et
292 1320 481 1361 studium
514 1320 558 1360 in
589 1319 710 1361 libris
745 1322 787 1360 et
819 1318 966 1359 sedula
998 1332 1098 1359 cura
1131 1317 1324 1371 docendi,

262 1377 619 1420 Commemorabo
652 1379 767 1419 uiros
800 1379 936 1419 morte
969 1377 1087 1418 obita
1119 1376 1320 1418 celebres.

201 1437 307 1480 Fors
341 1438 439 1491 erit,
465 1442 518 1479 'ut
548 1439 723 1479 nostros
756 1451 904 1478 manes
938 1437 997 1478 sic
1030 1436 1200 1478 adserat
1235 1435 1354 1488 olim,
1468 1444 1488 1476 5

260 1496 473 1551 Exemplo
507 1497 649 1551 cupiet
681 1497 753 1551 qui
785 1496 880 1550 pius
914 1510 1006 1536 esse
1039 1510 1145 1537 meo.

71 1648 146 1683 [191]
306 1637 331 1674 1.
360 1636 583 1672 TIBERIVS
611 1636 791 1671 VICTOR
816 1635 1085 1671 MINERVIVS
1113 1633 1320 1669 ORATOR.

201 1722 371 1763 Primus
404 1722 663 1777 Burdigalae
695 1722 894 1763 columen
926 1721 1082 1773 dicere,
1113 1719 1315 1772 Minerui,

260 1781 383 1822 Alter
414 1780 653 1822 rhetoricae
687 1780 952 1830 Quintiliane
984 1782 1123 1835 togae.

200 1839 409 1881 Inlustres
444 1840 656 1894 quondan]
691 1854 774 1895 quo
808 1841 1083 1894 praeceptore
1116 1838 1288 1879 fuerunt

261 1897 681 1953 ConstantinopoliS‚
714 1899 868 1953 Roma,
901 1898 1053 1939 dehinc
1086 1897 1246 1952 patria,

138 1979 141 1982 *
201 1956 300 1999 Non
333 1957 527 2011 equidem
560 1960 727 1999 certans
762 1973 855 1999 cum
889 1957 1113 1997 maiestate
1147 1956 1344 2009 duarum,
1468 1966 1487 1996 5

261 2015 360 2058 Solo
394 2018 458 2056 set
488 2017 632 2070 potior
665 2017 856 2069 nomine,
889 2016 999 2070 quod
1033 2015 1186 2069 patria.

83 2147 121 2180 V
233 2146 340 2180 inser.
368 2148 484 2178 mcn‘rr
505 2144 657 2189 praefiy.
692 2144 724 2177 V
839 2147 853 2177 1
885 2142 970 2177 mici
1004 2143 1037 2176 V
1146 2146 1165 2176 2
1193 2142 1324 2188 religio
1359 2143 1392 2177 V

718 2199 763 2217 em

143 2231 165 2261 4
191 2237 487 2263 commemor-auo
516 2227 562 2261 V¹
660 2231 678 2259 (3
708 2226 814 2270 cxplo
843 2227 902 2270 (al.
931 2227 1036 2269 corr.)
1071 2225 1101 2258 Γ

238 2286 253 2319 Ι
280 2287 435 2331 (numeri
460 2297 524 2322 om.
560 2286 606 2330 V)
633 2299 835 2321 mxx-:mmvs
869 2286 902 2320 V
996 2288 1015 2319 2
1043 2284 1225 2319 rethorice
1259 2286 1293 2320 V
