1563 2511
584 59 903 99 —401—

77 166 259 205 enarrat.
317 162 464 203 Vlixes
504 162 555 203 ad
589 162 790 216 oppidum
823 162 1013 204 Eumaeo
1053 164 1292 217 opitulante
1324 178 1418 217 per-

77 223 254 263 ducitur.
306 221 494 274 domum,
526 221 571 261 in
599 235 682 274 qua
714 221 832 274 proci
863 222 1167 275 epulabantur,
1198 222 1416 277 ingressus

77 280 317 322 emendicat
350 279 465 320 cibos
498 279 799 319 miserabiliter
832 280 1067 321 ambiendo.
1117 280 1214 321 inde
1248 281 1301 322 ab
1332 279 1418 321 An-

76 341 196 381 tinoo
240 337 444 379 iniuriose
485 338 681 378 afficitur.
745 337 812 378 cui
851 338 1066 392 Penelopa
1110 339 1225 380 diras
1264 340 1317 380 ob
1356 339 1419 379 in-

75 398 308 439 humanum
341 396 505 437 facinus
538 397 809 449 imprecatur.
861 411 884 437 a
911 411 995 450 qua
1020 396 1175 437 missus
1203 397 1418 438 Eumaeus

77 459 160 510 est,
198 457 245 496 ut
282 455 455 508 hospes,
501 455 560 495 sic
599 454 712 494 enim
751 469 795 495 se
828 454 1008 505 ferebat,
1048 455 1293 496 adcubitum
1325 470 1420 509 pro-

76 516 312 556 uocaretur.
365 527 412 554 ac
438 516 529 561 tum
557 513 726 567 quidem
752 512 961 554 inuitatus
989 514 1172 566 gratiam
1199 513 1312 568 facit,
1345 515 1416 555 sed

75 575 303 615 uenturum
336 586 426 613 sese
460 572 510 613 ad
543 586 766 626 uesperam
798 572 1037 626 pollicetur.

682 745 812 780 XVIII.

261 812 374 852 Ἦλθε
401 814 437 851 δ’
467 813 528 851 ἐπὶ
554 813 699 860 πτωχὸς
724 813 952 860 πανδήμιος,
979 811 1020 855 ὃς
1045 815 1142 850 κατὰ
1168 813 1260 851 ἄστυ

266 865 345 899 Irus
372 864 478 898 adest
502 863 650 908 populis
675 874 743 908 per
767 862 1027 898 mendicabula
1052 865 1170 899 notus.

168 960 437 1001 Mendicante
464 959 577 1000 intra
602 960 714 1000 lares
742 959 938 1012 proprios
959 958 1097 1011 Vlixe,
1124 958 1232 1000 alius
1255 973 1421 1013 quoque

78 1019 172 1073 pari
211 1022 252 1060 et
291 1021 482 1073 egestate
521 1018 614 1059 Irus
654 1017 849 1071 accessit,
891 1017 1109 1072 popularis
1141 1017 1422 1070 Ithaeensius,

80 1078 213 1131 stipes
245 1078 289 1118 in
321 1077 464 1118 triuiis
498 1077 650 1118 solitus
684 1090 848 1130 rogare.
899 1076 1085 1130 iurgium
1117 1090 1219 1131 ergo
1251 1076 1422 1130 inopiae

79 1136 317 1178 communis
346 1135 633 1176 aemulatione
660 1135 912 1185 conseritur,
942 1135 1054 1188 quod
1082 1149 1131 1175 ex
1157 1134 1300 1175 uerbis
1328 1149 1420 1188 pro-

80 1195 207 1235 cessit
233 1194 285 1235 ad
306 1209 469 1244 manus,
490 1193 762 1235 hortantibus
783 1193 935 1246 procis,
957 1207 1037 1246 quo
1059 1193 1198 1247 magis
1219 1193 1312 1233 rixa
1332 1207 1422 1233 cru-

80 1254 285 1305 desceret,
311 1252 615 1306 propositoque
641 1251 832 1306 praemio
861 1251 1025 1306 caprini
1051 1252 1210 1292 uentris
1238 1253 1422 1293 omento.

79 1311 229 1353 Victor
272 1311 405 1366 igitur
443 1310 592 1351 Vlixes
636 1311 887 1351 seminecem
925 1309 1040 1350 Irum
1086 1313 1206 1351 extra
1248 1310 1422 1351 ianuam

78 1370 254 1424 proicit,
298 1370 478 1410 ridicula
523 1369 821 1410 adhortatione
866 1368 1144 1422 compellans.
1206 1368 1422 1422 Penelopa

80 1429 210 1470 etiam
242 1442 419 1469 munera
452 1428 534 1469 sibi
567 1443 591 1468 a
621 1428 762 1482 procis
797 1442 873 1481 pro
906 1427 1058 1481 opibus
1091 1428 1293 1480 cuiusque
1326 1441 1422 1468 con-

77 1487 200 1539 ferri,
228 1487 496 1540 singulorum
524 1487 664 1527 studia
691 1486 932 1540 experiens,
958 1486 1165 1539 deposcit:
1199 1500 1307 1540 quae
1334 1500 1424 1526 ma-

77 1549 171 1587 ture
204 1548 354 1600 utpote
387 1560 411 1586 a
445 1545 713 1598 cupientibus
747 1545 992 1586 offeruntur.

173 1699 195 1729 4
221 1705 349 1729 cumeo
377 1694 611 1739 oppitulante
632 1694 668 1728 P
737 1698 757 1728 6
785 1693 903 1739 cibos]
931 1694 1019 1729 ahos
1041 1694 1098 1739 P}
1121 1692 1337 1728 ambiendos
1358 1693 1394 1727 P
1416 1694 1419 1739 Ι

79 1742 208 1777 antino
235 1743 272 1776 P
354 1746 372 1776 7
400 1742 462 1787 ob]
491 1741 537 1776 ab
566 1742 601 1775 P
696 1745 715 1775 9
742 1741 958 1775 adcubitum
987 1742 1118 1785 Peiper
1143 1743 1182 1776 at
1208 1751 1290 1775 cum
1317 1741 1353 1775 P
1375 1741 1422 1775 ad

80 1790 125 1824 cii
151 1789 318 1832 Vyoletus
344 1789 391 1823 ad
418 1799 498 1822 eam
518 1788 727 1823 Gronouius
759 1788 807 1822 ad
833 1799 996 1822 mensam
1011 1789 1130 1823 Barth
1205 1792 1247 1822 10
1272 1798 1422 1822 uocare·

79 1840 139 1871 tur
162 1835 373 1871 Gronouius
395 1838 399 1880 l
432 1846 474 1869 ac
501 1836 631 1879 Peiper
658 1835 716 1869 cui
743 1835 813 1878 (uel
838 1834 954 1879 cuius)
982 1835 1158 1870 Heinsius
1193 1835 1257 1878 qui
1278 1835 1422 1877 Barth„

78 1883 109 1917 is
136 1883 305 1925 Schenkl,
331 1893 396 1918 om.
426 1883 462 1916 P
494 1882 497 1927 Ι
533 1881 672 1916 inuitus
699 1882 875 1917 Heinsius

175 1952 294 1987 XVIII
324 1957 339 1987 1
356 1947 467 1998 ἦλθε]
487 1963 572 1987 flat-:e
584 1953 619 1987 P
637 1954 640 1996 1
664 1952 1003 1997 ΠῑιΝΔΗΜιοῆοοΚειτὶι
1016 1952 1051 1987 Ρ
1103 1957 1122 1987 2
1138 1952 1265 1997 populi
1281 1952 1316 1986 P
1331 1963 1420 1988 corr.

82 2000 214 2043 Peiper
238 1999 377 2045 populo
404 2000 583 2034 Heinsius
679 2003 698 2033 3
725 1998 932 2034 mendicate
963 2000 998 2033 P
1076 2004 1097 2034 4
1123 2000 1204 2045 pari
1231 2002 1267 2034 et
1293 2000 1423 2044 Peiper

80 2046 180 2091 parit
204 2047 241 2081 P
309 2050 329 2081 5
358 2046 493 2091 stipem
518 2047 695 2081 Heinsius
769 2051 788 2080 6
816 2047 981 2081 comunis
1006 2047 1041 2080 P
1112 2050 1130 2080 7
1160 2046 1365 2082 ortantibus
1390 2046 1425 2080 P

128 2097 148 2128 8
174 2093 288 2128 uetris
315 2093 351 2127 P
448 2098 488 2128 10
515 2093 747 2128 adortatione
775 2093 811 2127 P
841 2096 845 2137 Ῑ
885 2094 1071 2138 penolopa
1099 2094 1135 2128 P
1232 2097 1271 2127 11
1304 2094 1422 2128 cuius-

81 2151 152 2184 que
172 2142 183 2185 Η
203 2152 273 2185 que
303 2141 338 2174 P

151 2344 321 2371 Avsomvs.
1166 2344 1209 2373 26

1429 513 1489 569 {¹0

1450 1380 1492 1411 10
