1563 2511
634 68 948 109 -237—

180 173 260 222 Qui
290 172 388 214 felle
420 186 591 214 carmen
623 175 750 227 atque
782 173 907 213 melle
940 176 1183 227 temperans
1443 185 1462 215 5

239 231 428 285 Torpere
460 245 603 272 musas
636 245 724 272 non
757 230 860 272 sinis

180 289 429 343 Pariterque
460 289 599 343 fucas,
632 303 822 344 quaeque
855 292 983 343 gustu
1013 289 1173 344 ignaua
1205 292 1321 343 sunt,

239 348 297 389 Et
330 362 437 403 quae
470 362 618 401 sapore
650 347 816 388 tristia:

178 406 320 448 Rudes
353 420 550 448 camenas
584 406 657 460 qui
690 404 869 447 Suessae
901 407 1124 459 praeuenis

238 464 444 519 Aeuoque
476 465 608 516 cedis,
641 479 729 506 non
761 465 879 506 stilo:
1423 476 1464 507 10

179 521 265 565 Cur
296 538 363 565 me
395 524 683 578 propinquum
716 521 1004 564 Santonorum
1036 522 1258 564 moenibus

239 581 456 635 Declinas,
488 584 536 623 ut
566 581 703 623 Lucas
736 582 867 623 boues

181 640 296 682 Olim
328 643 547 694 resumpto
579 640 846 694 praeferoces
879 639 1044 694 proelio

240 698 369 754 Fugit
400 700 601 740 iuuentus
635 698 848 740 Romula?

180 756 279 798 Non
311 760 357 799 ut
388 758 513 812 tigris
546 762 606 811 te,
638 772 725 799 non
758 757 893 799 leonis
927 758 1107 812 impetu,
1424 768 1465 799 15

238 817 397 857 Amore
430 816 503 857 sed
536 830 633 858 caro
666 819 829 870 expeto.

180 873 338 916 Videre
374 875 533 916 alumni
566 876 705 929 gestio
738 875 885 916 uultus
918 874 1002 916 mei

240 933 299 974 Et
330 934 473 975 indole
505 936 655 987 optata
686 933 784 974 frui.

182 991 349 1033 Inuitus
383 993 485 1033 olim
518 992 721 1033 deuoraui
754 992 973 1033 absentiae

241 1049 555 1092 Necessitatem
587 1051 812 1104 pristinae,
1424 1061 1467 1091 -20

185 1108 408 1158 Quondam
442 1109 621 1150 docendi
653 1123 827 1150 munere
861 1108 1112 1149 adstrictum
1145 1109 1266 1163 graui

241 1167 446 1209 Iculisma
477 1183 573 1209 cum
605 1170 648 1209 te
681 1167 976 1221 absconderet,

183 1225 241 1267 Et
273 1226 519 1267 inuidebam
553 1225 675 1268 deuio
710 1240 758 1267 ac
791 1226 881 1267 solo
914 1226 1008 1267 loeo

244 1283 362 1339 Opus
395 1299 663 1326 camenarum
696 1285 794 1339 tegi.

182 1341 243 1383 At
272 1357 383 1384 nunc
414 1343 659 1398 frequentes
693 1345 819 1396 atque
852 1343 989 1384 claros
1023 1357 1099 1384 nec
1131 1343 1280 1398 procul
1425 1352 1468 1383 ‘25

243 1400 350 1443 Cum
382 1402 533 1443 floreas
566 1403 677 1443 inter
708 1402 823 1442 uiros

185 1459 367 1515 Tibique
399 1464 570 1502 nostras
602 1463 755 1502 uentus
789 1474 913 1500 auras
946 1460 1109 1501 deferat

244 1518 465 1573 Auresque
499 1533 638 1560 sermo
671 1520 883 1560 uerberet:

187 1576 271 1618 Cur
302 1592 370 1619 me
404 1578 555 1632 supino
589 1578 774 1632 pectoris
805 1577 922 1618 fastu
954 1580 1122 1619 tumens

246 1635 418 1690 Spernis
451 1639 625 1691 poetam
657 1637 892 1690 consulem⁷
1429 1647 1473 1677 30

186 1694 349 1749 Tuique
382 1698 597 1736 amantem
630 1698 757 1750 teque
789 1695 1016 1736 mirantem
1049 1709 1097 1737 ac
1129 1697 1204 1736 tua

246 1752 576 1796 Desiderantem
609 1754 797 1795 carmina

226 1896 267 1926 12
296 1892 346 1928 Cf.
373 1893 491 1928 Varro
519 1893 563 1927 de
589 1893 611 1927 l.
639 1892 663 1926 l.
690 1892 757 1926 VII
783 1896 826 1927 39

227 2014 245 2044 7
273 2010 419 2056 ingrata
444 2010 628 2045 Baehrens
719 2014 738 2044 9
768 2020 961 2045 camoenas
991 2009 1063 2044 TG
1157 2013 1197 2044 11
1225 2011 1474 2044 santomorum

136 2057 168 2091 T
269 2060 310 2091 13
349 2058 424 2102 filio
454 2057 486 2091 T
520 2057 637 2102 prelio
665 2057 714 2090 M
747 2057 874 2101 praelio
902 2056 938 2092 G
1040 2060 1083 2091 15
1120 2058 1163 2091 ut
1190 2057 1224 2092 G
1262 2068 1326 2091 om.
1355 2056 1443 2090 TM

133 2104 249 2148 tygris
277 2104 310 2138 T
405 2108 447 2139 19
478 2103 693 2139 abscentiae
721 2103 753 2138 Τ
848 2108 889 2138 21
918 2103 1098 2138 adstricta
1126 2104 1213 2137 TM
1245 2103 1418 2138 astrictus

134 2162 222 2186 corr.
263 2150 425 2197 Scaliyer
521 2155 564 2185 22
602 2150 710 2186 iculis
748 2152 843 2186 nacfi
871 2151 903 2184 T
938 2151 1095 2185 iculisna
1132 2162 1214 2185 cum
1243 2150 1275 2185 G·
1313 2149 1477 2184 eculisna

135 2209 217 2232 cum
246 2199 294 2232 M
317 2209 406 2233 corr.
434 2198 595 2243 Scaliyer
618 2200 622 2241 ξ
645 2198 907 2233 abscondentw
939 2198 970 2231 T
1053 2202 1097 2232 24
1124 2208 1382 2232 camoenarum
1404 2196 1436 2229 T
1444 2196 1478 2231 G

182 2249 226 2278 25
251 2257 347 2279 nunc
373 2246 562 2280 Amantius
587 2256 660 2280 non
687 2246 720 2279 Z
804 2249 847 2280 29
876 2244 1032 2289 suppino
1053 2246 1102 2280 M
1119 2247 1122 2287 l
1146 2245 1295 2289 pectore
1317 2243 1349 2276 T
1433 2247 1477 2277 30

135 2292 249 2335 poeta
274 2291 382 2327 Seboe’s.
481 2296 525 2327 30
552 2292 701 2327 consule
730 2292 762 2326 T
857 2296 898 2326 31
926 2292 1138 2337 mirantem]
1168 2291 1354 2325 amantem
1382 2289 1415 2324 T
