1563 2511
574 112 628 117 ·—
691 99 835 129 XXXVI
901 112 952 116 —

93 193 279 253 (XXIII)
312 198 355 236 et
379 193 592 236 XXVIIII
613 192 814 250 (XXV)]).
857 194 989 249 igitur
1019 192 1298 235 conlectionis
1331 206 1438 246 quae

96 257 161 296 est
187 255 232 296 in
258 257 309 295 Π
329 253 540 296 conditori
567 251 710 308 (quem
736 252 913 294 Florum
945 252 1076 293 fuisse
1107 251 1439 306 Lugdunensem

95 314 322 355 diaconum
337 313 541 367 suspicati
557 327 715 366 sumus,
735 314 958 366 utriusque
975 311 1164 351 familiae
1179 310 1440 364 exemplaria

95 375 297 428 prompta
320 372 512 414 fuerunt:
540 386 667 426 quam
694 371 822 412 fuerit
848 372 1017 411 secutus
1040 369 1224 424 eligendi
1245 384 1294 410 ex
1317 368 1440 409 alter-

95 436 194 474 utra
222 431 455 484 rationem,
486 444 572 472 non
605 431 709 471 satis
749 430 896 483 liquet.

186 489 601 545 Symmachianos
641 489 792 541 libros,
837 488 991 543 quibus
1037 502 1141 542 quas
1180 486 1440 541 Symmacho

97 550 333 604 Ausonius,
367 549 560 590 Ausonio
595 547 876 602 Symmachus
911 546 1095 600 scripsit,
1126 545 1310 587 traditae
1342 547 1441 586 sunt

98 609 319 663 epistulae,
351 607 461 649 infra
489 607 673 648 indicaui
701 622 740 660 p.
772 606 850 647 141
881 607 922 646 et
948 605 1046 646 220.
1098 603 1442 646 Ausonianorum

97 668 306 709 librorum
333 667 471 708 maior
498 666 633 706 multo
661 666 704 706 in
732 665 791 706 eis
819 664 1065 717 auctoritas,
1092 678 1219 718 quam
1240 662 1442 704 Seeckius

98 729 213 768 iusto
247 727 416 780 saepius
450 725 653 778 deseruit,
685 738 764 779 ego
796 724 979 764 restitui.
1036 726 1223 764 ceterum
1263 722 1445 763 Ausonii

99 785 331 840 epistulam
357 785 402 826 in
429 783 760 838 Symmachiana
792 782 1058 824 conlectione
1091 782 1144 823 ab
1177 781 1299 822 initio
1332 780 1443 834 posi-

98 856 189 886 tam
221 844 352 885 fuisse
385 843 482 884 inde
515 843 734 896 probatur,
768 841 879 895 quod
912 840 1135 882 Ennodius
1167 840 1444 881 Ausonianae

100 903 380 945 conlectionis
411 903 588 956 ignarus
619 915 706 942 non
739 901 878 941 solum
911 914 961 941 ex
992 899 1086 953 hac,
1118 899 1192 940 sed
1224 913 1274 940 ex
1311 898 1445 952 ipsius

102 961 349 1017 Symmachi
381 963 423 1001 et
455 961 507 1001 ad
540 960 780 1000 Ausonium
807 962 849 999 et
876 959 926 999 ad
955 958 1063 999 alios
1091 957 1286 1012 epistulis
1320 971 1446 1011 quae-

101 1022 200 1120 gam
235 1020 462 1133 θΧΞξΙίξεῆ
493 1017 685 1075 (Ueberl.
717 1033 756 1072 p.
787 1018 880 1058 192.
913 1017 1022 1058 unde
1056 1016 1308 1072 corrigenda
1339 1029 1446 1071 quae

130 1095 189 1121 1x1
221 1095 258 1133 p.
396 1112 403 1119 .

193 1172 403 1214 Secuntur
429 1172 612 1213 deriuati
632 1187 681 1212 ex
703 1170 945 1224 archetypo,
972 1170 1222 1224 priusquam
1244 1170 1447 1223 abreptus

104 1235 169 1274 est
194 1232 397 1286 Mosella,
428 1231 529 1272 libri
554 1229 791 1272 Bobienses
826 1243 922 1270 cum
948 1228 1271 1270 Veronensibus
1298 1231 1340 1269 et
1364 1227 1449 1269 Ex-

104 1295 348 1346 cerptorum
388 1290 754 1343 Ausonianorum,
794 1288 865 1342 qui
903 1302 1036 1329 unum
1076 1288 1179 1330 olim
1222 1288 1449 1329 effecerunt

103 1351 318 1393 uolumen.

354 1478 389 1510 Β.
435 1477 565 1511 LIBRI
591 1475 857 1510 BOBIENSES
882 1474 1206 1509 VERONENSES

53 1553 89 1588 P
197 1550 239 1606 1>
269 1550 494 1591 Parisinus
513 1552 625 1591 8500
645 1550 820 1591 membr.
843 1565 873 1590 s.
893 1548 1023 1590 XIIII
1042 1548 1085 1589 in
1106 1547 1235 1589 Italia
1255 1547 1454 1601 scriptus,

106 1610 308 1651 foliorum
344 1609 440 1651 105.
492 1609 595 1650 olim
626 1609 711 1650 fuit
744 1608 916 1650 Domini
948 1607 1165 1649 Francisci
1194 1606 1453 1648 Petrarchae

108 1668 210 1724 (uid.
246 1667 461 1722 LDelisle,
501 1665 684 1709 Cabiuet
722 1668 794 1708 des
836 1666 1094 1709 manuscrits
1134 1665 1154 1707 I
1190 1664 1310 1721 139),
1355 1668 1455 1719 post

106 1728 245 1769 Ticini
291 1728 335 1768 in
374 1725 687 1768 Vicecomitum
727 1727 1004 1780 bibliotheca,
1048 1725 1162 1767 unde
1203 1725 1248 1766 in
1287 1723 1452 1766 Gallias

107 1787 343 1828 translatus
377 1789 441 1827 est
473 1800 505 1828 c.
534 1801 569 1826 a.
598 1784 775 1839 1500f⁵>

197 1845 514 1899 Mythologiam
540 1843 756 1900 Fulgentii
790 1847 1025 1899 sequuntur
1056 1844 1160 1884 haec
1187 1842 1454 1884 Ausoniana:

107 1918 133 1957 7'.
156 1917 218 1949 141
248 1913 418 1959 Epistola
437 1914 533 1948 decii
552 1913 681 1959 Magni
698 1913 853 1948 Ausonii
873 1913 921 1947 ad
933 1911 1162 1957 Drepanium
1182 1910 1450 1956 proconsulem.

248 1962 294 1995 de
321 1961 408 1996 ludo
435 1965 576 2006 septem
606 1961 824 2005 sapientum.
864 1962 941 2002 Rsca

294 2009 460 2053 Explicit
492 2009 600 2042 ludus
633 2008 722 2043 .V11.
757 2008 978 2052 sapientum.
1008 2007 1013 2053 Ι
1041 2006 1225 2051 incipiunt
1256 2005 1456 2040 eorundem

206 2093 239 2135 ²¹⁶)
269 2092 313 2127 cf.
340 2091 531 2126 Laurentii
556 2091 720 2135 Pignorii
748 2091 1008 2134 Symbolarum
1041 2089 1317 2134 epistolicarum
1350 2088 1455 2129 liber,

113 2139 260 2174 Patauii
295 2143 402 2182 1628,
443 2150 499 2183 ep.
534 2137 619 2172 XVI
649 2149 685 2182 p.
720 2142 779 2172 54:
821 2137 922 2182 „Ego
959 2148 1046 2172 sane
1078 2136 1153 2171 scio
1186 2135 1456 2170 Bibliothecam

113 2186 357 2229 Ticinensem‚
385 2186 509 2220 nobile
535 2185 628 2220 illud
657 2185 949 2220 vice-Comitum
979 2185 1121 2218 Ducum
1152 2182 1354 2217 Mediolani
1380 2193 1457 2216 mo-

111 2234 329 2268 numentum
345 2262 352 2275 ,
378 2233 600 2267 translatum
632 2233 669 2267 in
697 2232 838 2267 Gallias
865 2244 887 2266 a
912 2231 1102 2266 Ludouico
1129 2240 1216 2274 rege
1242 2231 1347 2263 Anno
1375 2229 1457 2263 MD.

116 2281 252 2315 Vrbem
278 2280 491 2315 Blesensem
517 2280 746 2322 nobilitasse,
776 2281 813 2313 et
840 2279 1053 2314 Gallicanas
1078 2277 1331 2312 Bibliothecae
1358 2276 1456 2312 locu-

114 2328 290 2373 pletasse,
320 2330 416 2363 teste
444 2327 636 2362 Leonardo
663 2326 834 2361 Maniaco
862 2326 941 2360 Lib.
969 2325 1019 2360 IV
1048 2324 1268 2360 Historiar.“
