1563 2511
630 55 946 98 -338—

119 161 189 204 Sic
221 176 288 202 me
320 164 470 203 taurus
503 161 600 215 init,
633 162 693 203 sic
724 161 919 216 proxima
951 161 1107 202 bucula
1138 160 1293 215 mugit,

179 219 247 261 Sic
280 220 444 261 uitulus
477 219 627 261 sitiens
659 220 792 261 ubera
823 222 971 261 nostra
1002 219 1122 274 petit.

118 278 307 333 Miraris,
341 278 453 333 quod
485 277 587 321 fallo
620 279 823 334 gregem?
874 278 1018 333 gregis
1050 277 1143 331 ipse
1176 277 1381 332 magister
1444 287 1467 318 5

175 337 292 379 Inter
323 339 547 391 pascentes
579 352 647 379 me
680 352 902 378 numerare
936 337 1056 378 solet.

45 500 327 532 vamnxmm]
424 488 487 523 DE
515 487 682 522 EADEM
709 486 903 523 BVCVLA
927 486 1159 522 MYRONIS.

117 571 262 614 Vbera
293 571 394 627 quid
425 573 570 626 pulsas
603 572 808 627 frigentia
840 572 990 613 matris
1024 586 1171 625 aenae,

178 630 212 672 Ο
245 631 398 683 uitule,
432 633 474 672 et
507 645 655 672 sucum
688 631 811 671 laetis
845 631 898 672 ab
932 644 1027 672 aere
1060 629 1200 683 petis?

117 689 245 731 Hune
277 704 444 743 quoque
477 691 761 743 praestarem,
795 690 831 729 si
864 703 930 730 me
962 704 1038 744 pro
1072 691 1194 742 parte
1226 690 1426 743 parasset}

177 748 402 789 Exteriore
435 747 604 801 Myron,
636 747 837 789 interiore
871 747 984 789 deus.

46 911 132 936 Lxx
152 911 218 942 [Lx]
353 896 419 931 AD
445 896 717 932 DAEDALVM
744 896 807 931 DE
834 896 1004 931 EADEM
1031 895 1237 931 BVCVLA.

118 981 326 1035 Daedale,
360 995 433 1022 eur
464 996 577 1022 uana
609 981 824 1022 consumis
856 981 903 1021 in
936 984 1027 1022 arte
1059 981 1281 1023 laborem?

177 1039 247 1081 Me
279 1040 424 1094 potius
458 1041 603 1081 clausa
635 1039 780 1081 subice
812 1038 1037 1094 Pasiphae.

118 1098 349 1140 Illeeebras
382 1113 509 1140 uerae
543 1099 578 1140 si
610 1099 675 1140 uis
709 1098 826 1151 dare,
858 1098 1068 1152 Daedale,
1099 1113 1274 1152 uaccae,

178 1157 292 1199 Viua
324 1158 406 1198 tibi
440 1158 601 1211 speeies
634 1172 765 1199 uacca
797 1157 990 1211 Myronis
1024 1158 1116 1200 erit.

47 1285 357 1366 LXSEUEXAIIIIIEM
385 1331 605 1366 MYRONIS
632 1331 827 1366 BVCVLA
853 1330 943 1365 IAM
969 1330 1198 1365 HABENTE
1227 1330 1468 1365 SPIRITVM.

120 1415 261 1456 Aerea
292 1416 505 1470 mugitum
538 1419 708 1470 poterat
740 1415 841 1457 dare
873 1430 1005 1457 uacca
1036 1415 1248 1469 Myronis3

181 1473 262 1515 Sed
295 1475 420 1515 timet
453 1475 629 1515 artificis
664 1475 853 1516 deterere
885 1474 1117 1528 ingenium.

120 1531 302 1587 Fingere
335 1548 435 1574 nam
470 1533 653 1574 similem
687 1534 830 1586 uiuae,
863 1548 991 1587 quam
1025 1533 1185 1587 uiuere,
1216 1533 1312 1587 plus
1345 1534 1428 1586 θεὶς

179 1591 270 1633 Nee
303 1594 404 1633 suni:
434 1591 550 1634 faeta
583 1592 648 1633 dei
682 1593 808 1646 mira,
841 1592 914 1633 sed
947 1591 1137 1633 artificis.

216 1735 235 1765 3
263 1730 420 1765 buccula
448 1730 523 1765 ΤΘ
620 1733 640 1764 5
670 1731 785 1777 qnod]
813 1730 844 1766 si
873 1732 906 1765 T

214 1788 385 1823 LXVIIII
410 1790 519 1825 inser.
549 1788 583 1824 G
607 1799 673 1823 om.
704 1790 736 1823 T
784 1789 886 1824 Idem
909 1789 956 1823 M
1053 1793 1069 1823 1
1098 1789 1239 1823 ahenae
1269 1787 1302 1822 G-
1400 1792 1419 1822 2
1449 1798 1469 1822 ο

120 1836 413 1927 ιέἑΐξίΙςθ]Τῖ)υοΠΙΘ
441 1837 491 1870 Μ
523 1838 527 1880 Ι
561 1846 709 1871 succum
737 1837 772 1870 Z
804 1839 807 1879 l
842 1837 888 1871 ab
915 1836 1015 1881 aere]
1044 1836 1179 1871 habere
1208 1835 1240 1869 T
1249 1834 1282 1869 G
1317 1837 1320 1877 Ι
1355 1834 1468 1880 petis]

215 1941 313 1975 LXX
355 1942 464 1976 inser.
496 1942 528 1976 G
560 1953 625 1977 om.
657 1941 690 1975 Τ
734 1942 837 1975 Idem
872 1943 920 1976 M
1016 1946 1032 1976 1
1068 1941 1290 1976 consummis
1321 1940 1354 1974 T
1450 1943 1469 1974 2

119 1988 261 2034 potius]
294 1989 462 2032 protinus
492 1989 551 2031 ΤΙ
586 1988 734 2023 clausae
770 1988 802 2022 G
832 1992 835 2031 J
866 1989 1021 2034 pasiphe
1051 1989 1098 2023 M
1193 1993 1214 2022 4
1257 1987 1362 2022 uiuat
1405 1986 1470 2020 ubi

124 2036 156 2070 T
177 2039 180 2079 Ι
203 2035 358 2069 mironis
385 2036 434 2069 M

122 2142 197 2176 hm
216 2093 332 2177 ΙᾶἹΧΧΙ
358 2095 468 2130 inser.
497 2094 530 2129 G
555 2105 621 2130 om.
651 2094 683 2127 T
729 2094 832 2128 Idem
859 2094 907 2127 M
990 2098 1005 2127 1
1034 2093 1187 2128 mironis
1210 2096 1256 2127 M
1337 2097 1359 2126 4
1384 2092 1469 2138 nec]
