1563 2511
526 130 579 134 —-
643 117 870 146 LXXXXVII
936 129 984 134 --

87 212 172 254 370
203 211 297 252 Kal.
329 210 421 252 Ian.
467 209 712 264 Symmachi
756 209 945 250 laudatio
991 210 1035 250 in
1075 209 1430 251 Valentinianum

204 270 412 311 seniorem
434 269 679 323 Augustum
699 269 846 310 altera.
878 268 1007 321 paulo
1028 272 1126 322 post
1148 268 1430 322 Symmachus

204 330 249 369 in
281 328 466 382 patriam
500 328 621 369 redit.

205 397 562 451 „Valentinianus
595 398 709 439 omni
742 397 972 451 pudicitiae
1001 397 1120 438 cultu
1146 397 1259 438 domi
1286 402 1431 440 castus

205 460 248 498 et
279 458 396 511 foris,
429 457 545 498 nullo
578 457 779 511 contagio
813 456 1096 497 conscientiae
1123 457 1309 498 uiolatus
1337 458 1432 498 obs-

204 531 351 569 cenae,
383 515 491 556 nihil
520 516 729 557 incestum
762 515 957 569 hancque
990 515 1044 556 ob
1077 529 1250 556 causam
1272 548 1281 557 .
1301 548 1310 557 .
1331 548 1340 556 .
1361 531 1431 569 pe-

203 575 434 615 tulantiam
455 575 644 616 frenarat
666 574 786 615 aulae
805 573 990 628 regalis“
1009 579 1207 621 (Ammian.
1222 581 1324 614 XXX
1341 586 1372 625 9,
1385 582 1432 622 2).

203 633 557 688 „Valentinianus
585 635 751 674 amator
775 632 1082 673 munditiarum
1102 633 1326 687 laetusque
1346 648 1431 675 non

204 692 390 745 profusis
430 692 566 746 epulis
606 692 676 733 sed
720 691 923 732 excultis“
967 698 1166 739 (Ammian.
1199 698 1302 732 XXX
1328 703 1360 742 9,
1386 698 1433 739 4).

203 750 439 804 imperator
477 750 568 805 ipse
607 750 797 793 calmina
838 753 879 791 et
916 750 1103 791 faciebat
1144 753 1186 791 et
1224 751 1435 792 recitabat

206 807 294 852 (uid.
321 806 436 843 Cento
461 809 608 852 1)1·.12)

87 885 117 910 c.
145 884 179 911 a.
207 873 291 909 370
324 872 521 909 Bissula
554 874 601 915 (u.
629 879 674 911 20
705 875 842 909 bellica
870 875 1035 923 praeda),
1068 885 1186 921 quam
1217 874 1357 921 postea
1384 872 1433 909 ad

204 929 373 968 Paulum
405 931 516 968 misit
547 943 627 968 una
658 943 747 968 cum
781 930 966 968 Centone.

88 1013 120 1040 c.
148 997 233 1039 370
269 998 484 1038 Ausonius
511 1012 652 1039 comes
687 1004 821 1045 (Praef
842 1005 932 1039 135.
962 1004 1063 1038 Grat.
1084 1003 1166 1038 Act.
1192 1008 1251 1038 11·
1277 1006 1335 1038 tot
1354 1016 1436 1049 gra-

207 1056 274 1088 dus
299 1055 448 1088 nomine
475 1054 621 1089 comitis
648 1057 802 1099 propter
828 1057 893 1089 tua
918 1055 1148 1089 111019111911ἴ11Ι
1168 1053 1348 1099 congesti.
1388 1056 1434 1088 cf.

207 1102 366 1146 Epitom.
391 1105 447 1144 47,
463 1106 496 1135 4
514 1106 550 1136 5:
573 1102 646 1136 fuit
665 1109 789 1135 autem
805 1101 1006 1136 Gratianus
1027 1101 1161 1135 litteris
1181 1102 1281 1136 haud
1297 1100 1436 1136 medio-

208 1149 318 1182 criter
350 1130 561 1183 institutus:
596 1160 743 1183 carmen
769 1149 907 1191 facere,
941 1150 1071 1182 ornate
1098 1148 1217 1192 loqui,
1250 1149 1436 1192 explicaie

210 1195 480 1230 controuersias
507 1195 697 1230 rhetorum
724 1206 836 1230 more.
884 1176 988 1230 Grat.
1016 1198 1088 1229 act.
1112 1198 1154 1230 68
1173 1207 1250 1239 sqq.
1279 1207 1337 1239 ep.
1361 1196 1434 1239 26).

90 1256 176 1297 370
208 1255 480 1311 Burgundios
531 1256 690 1297 excitat
734 1257 966 1310 imperator
1009 1257 1053 1296 in
1099 1256 1436 1298 Alamannorum

207 1316 449 1368 perniciem.
506 1315 772 1356 Alamannos
817 1330 893 1369 per
938 1315 1144 1356 Rhaetias
1191 1315 1439 1370 adgreditur

210 1372 476 1416 Theodosius
509 1380 708 1422 (Ammian.
729 1380 885 1415 XXVIII
907 1385 938 1425 5,
962 1381 1028 1422 15).

92 1460 124 1486 a.
153 1448 239 1485 370
267 1450 307 1485 et
334 1449 414 1486 371
451 1448 653 1485 Mosella
686 1448 870 1486 Treueris
905 1449 1075 1496 scriptus
1109 1451 1169 1491 (cf.
1196 1463 1231 1485 u.
1258 1455 1325 1485 422
1347 1462 1437 1494 sqq„

187 1513 220 1534 11.
241 1504 311 1535 450
337 1500 527 1546 Augustus
557 1504 667 1546 pater
695 1503 733 1536 et
758 1502 852 1542 nati3
885 1514 919 1536 11.
940 1506 1008 1536 408
1030 1513 1108 1545 sqq.
1156 1502 1296 1536 Probus
1330 1502 1440 1546 signi-

213 1556 368 1597 ficatur).
415 1567 529 1603 quem
556 1554 694 1591 laudat
721 1553 1028 1603 Symmachus
1055 1566 1114 1602 ep.
1137 1553 1155 1590 I
1179 1555 1232 1591 14
1266 1556 1440 1601 („uolitat

209 1607 294 1641 tuus
320 1607 477 1641 Mosella
500 1618 567 1651 per
592 1619 722 1642 manus
749 1608 922 1652 sinusque
950 1607 1242 1651 inultorum“)*).

210 1671 347 1709 eodem
372 1673 548 1719 tempore
569 1671 646 1720 Ep.
667 1671 788 1708 XIIII
815 1673 860 1708 et
880 1671 952 1708 XV
979 1671 1035 1708 ad
1057 1671 1293 1708 Thoonem
1320 1671 1440 1720 scrip-

209 1732 272 1767 tas
313 1730 454 1768 docent
492 1729 791 1779 descriptiones,
835 1730 1005 1779 piscium
1043 1730 1285 1767 enumeratio
1324 1732 1442 1774 (XIIII

212 1787 255 1818 60
270 1795 349 1827 sqq.
376 1794 420 1817 ex
445 1783 602 1817 Mosella
628 1787 689 1825 87,
716 1784 781 1817 XV
804 1787 847 1817 42
876 1794 919 1818 ex
945 1783 1038 1817 Mos.
1062 1788 1104 1817 74
1132 1784 1330 1828 1·epetitae;
1357 1784 1442 1818 Tre-

211 1831 309 1864 ueris
346 1831 503 1874 scriptas
535 1831 696 1874 probant
726 1830 827 1864 XIIII
856 1834 957 1864 1—3.
1010 1830 1052 1865 cf.
1088 1830 1154 1864 XV
1186 1842 1241 1874 pr.
1270 1835 1308 1865 6:
1348 1841 1442 1874 quae

213 1877 431 1911 adulescens
466 1879 605 1912 temere
636 1877 821 1922 fuderam,
860 1876 934 1912 iam
969 1878 1090 1912 senior
1121 1877 1336 1912 retractaui.
1376 1877 1443 1912 XV

213 1927 352 1958 50-54
374 1941 417 1952 =
437 1923 542 1957 XIIII
563 1925 729 1969 74—77).

214 1977 306 2014 Alia
344 1977 471 2014 multa
500 1989 571 2026 per
601 1977 673 2015 hos
707 1989 829 2015 annos
862 1989 982 2026 opera
1015 1976 1196 2027 agitabat
1227 1976 1442 2026 Ausonius,

192 2138 225 2180 *)
256 2135 357 2170 uiam
390 2147 501 2179 quam
533 2136 765 2180 persequitur
795 2137 908 2181 poeta
933 2135 987 2169 ita
1012 2134 1154 2169 indicat
1185 2135 1328 2171 Tabula
1353 2136 1444 2170 Pen-

95 2194 324 2239 tingcriana:
359 2193 477 2239 „Augu
504 2194 756 2229 Tresuirorum
778 2194 863 2228 VIII
888 2188 1112 2240 Nouiomaflgr.
1140 2195 1288 2229 :xl—X.
1323 2194 1444 2238 Belgi-

99 2254 186 2275 num
217 2241 315 2275 VIII.
367 2242 524 2276 Dumno.
556 2241 653 2276 XVI.
693 2241 879 2286 Bingium.
915 2241 995 2275 XII.
1035 2242 1273 2287 Mogontiaco
1306 2241 1445 2275 ΧΤΙΙΙΙ.ιι

99 2288 277 2323 Antonini
294 2288 378 2323 Itin.
399 2293 465 2324 371
489 2289 566 2324 W.:
588 2289 890 2332 „Confluentibus
911 2288 943 2322 V
947 2288 1030 2323 inco
1052 2302 1153 2334 mpm
1168 2288 1288 2323 XXVI
1307 2288 1445 2323 Nouio-

100 2346 210 2380 mago
237 2347 336 2379 mpm
361 2335 534 2369 XXXVII
558 2335 736 2371 Treueros
765 2349 865 2381 mpm
892 2335 1012 2371 XIII.“

171 2398 343 2426 Avsoxuvs.
1139 2407 1163 2439 g
