1563 2511
0 0 24 141 q
601 4 918 45 —455—

10 158 16 205 ᾗ
609 140 694 175 VIII
721 139 906 176 CVPIDO.

12 237 14 244 ,
87 201 202 245 praef.
232 207 248 236 1
271 202 416 236 Terent.
438 200 583 235 Phor-m.
605 199 637 233 11
659 203 690 243 2,
720 202 761 233 15
788 201 884 244 (329)
912 199 1013 244 1113,
1042 204 1058 234 1
1087 202 1183 245 (348)
1206 211 1430 245 enumquam

7 246 14 290 ἔ
230 248 368 284 audisti
395 246 590 292 (audistis).

7 294 13 344 ξ
275 294 449 330 nebulam
486 294 639 338 pictam:
683 293 715 330 (l
752 292 868 337 Epist.
908 293 940 327 II
978 297 1056 330 470.
1113 295 1191 330 Hoc
1229 307 1287 330 me
1325 296 1431 331 uelut

231 342 350 378 aerius
395 341 561 376 bratteae
599 340 722 374 fumus
759 342 823 374 aut
862 340 962 385 pieta
1000 341 1136 376 nebula
1174 353 1247 377 11011
1284 342 1429 388 longius

232 400 341 434 quam
375 389 461 423 dum
491 388 639 422 uidetur
671 387 844 422 oblectat.
894 387 1014 422 Plaut.
1041 388 1136 423 Men.
1164 388 1178 422 Ι
1205 393 1237 433 2,
1263 394 1309 425 34
1336 393 1432 435 (143)

230 438 288 472 dic
332 435 424 470 mihi
465 447 553 470 num
598 445 709 478 quam
752 435 794 469 tu
836 433 965 468 uidisti
1009 435 1176 470 tabulam
1215 436 1356 481 pictam
1393 438 1432 474 in

229 483 395 529 pariete?
423 483 568 517 Terent.
590 481 682 516 Eun.
703 482 755 516 111
775 485 808 524 5,
830 485 873 516 36
896 483 992 526 (584)
1021 484 1236 527 suspectans
1262 484 1431 520 tabulam

229 530 416 575 quandam
441 529 598 574 pietam;
624 528 677 563 ibi
702 528 824 563 inerat
842 528 989 573 pictura
1013 529 1121 563 haec:
1149 531 1274 566 Iouem
1296 552 1339 557 —
1362 559 1368 566 .
1393 561 1398 567 .
1423 560 1429 567 .

227 578 386 623 Egomet
411 588 556 621 quoque
582 575 620 610 id
648 576 815 620 spectare
842 575 948 620 coepi
974 577 1011 610 et
1038 577 1123 621 quia
1151 598 1194 602 —

181 631 201 661 3
228 625 402 660 Paulinus
423 635 452 659 c.
474 623 611 658 XXVII
632 623 758 668 (Mign.
780 635 814 667 p.
837 625 933 668 660),
956 627 1021 658 511
1044 635 1139 658 nunc
1160 625 1245 659 uolo
1267 625 1430 669 picturas

227 672 361 707 fucatis
389 701 394 706 .
418 700 424 706 .
448 700 455 706 .
481 670 686 715 porticibus
719 670 857 705 uideas.
909 670 956 705 ib.
993 674 1060 705 583
1093 670 1218 707 fucata
1244 671 1429 708 coloribus

226 720 368 754 umbra.

182 772 200 803 7
227 769 265 802 in
290 765 503 811 lugentibus
531 765 685 810 campis:
706 763 845 809 Vergil.
866 764 908 798 A.
931 764 980 798 Vl
1007 768 1073 799 441
1102 765 1269 810 lugentes
1296 767 1428 812 campi.

160 818 201 848 11
230 815 369 850 Seneca
389 824 444 857 ep.
468 816 546 855 116,
568 816 588 847 8
614 812 709 846 uitia
734 814 860 846 nostra
883 811 971 855 quia
991 823 1166 856 amanum,
1188 813 1429 850 defendimus.

158 864 201 896 13
229 861 261 898 (I
288 860 413 905 Griph.
448 872 501 905 pr.
529 863 590 894 24:
623 858 748 893 Flacci
780 858 919 903 ecloga.
961 859 1046 902 (uid.
1080 859 1219 906 Index.)
1258 861 1302 896 cf.
1336 861 1430 897 Plin.

228 920 283 953 ep.
310 907 379 941 IIII
402 911 455 952 14,
483 911 502 942 8
529 919 642 941 unum
669 905 762 940 illud
788 906 1075 950 praedicendum
1098 907 1246 942 uidetur
1266 908 1430 953 cogitare

226 967 286 990 me
305 955 372 990 has
392 965 510 999 nugas
530 953 729 988 inscribere
749 953 1094 998 hendecasyllabos,
1118 954 1182 997 qui
1199 955 1331 990 titulus
1353 956 1432 991 sola

228 1002 339 1037 metri
363 1003 446 1046 lege
468 1000 741 1046 constringitur.
786 999 939 1045 proinde
960 1000 1038 1035 siue
1060 1001 1333 1046 epigrammata
1352 1003 1430 1038 81118

227 1049 359 1094 idyllia
390 1049 466 1084 siue
499 1048 648 1093 eclogas
676 1048 770 1089 siue,
803 1049 844 1081 ut
869 1047 993 1091 multi,
1025 1049 1214 1092 poematia
1239 1060 1304 1084 seu
1330 1051 1427 1095 quod

226 1096 328 1132 aliud
360 1107 492 1131 uocare
525 1095 717 1137 malueris,
743 1094 873 1130 licebit
903 1106 1024 1129 uoces.
1078 1095 1178 1140 (inde
1211 1096 1335 1133 Sidon.
1362 1097 1428 1142 Ep.

225 1143 330 1178 VIIII
364 1146 406 1178 15
439 1143 639 1178 senariolos
671 1142 816 1185 aliquos
844 1170 850 1177 .
874 1170 880 1176 .
903 1170 910 1178 .
937 1142 1105 1186 placidus
1138 1143 1317 1188 accipias,
1350 1145 1428 1180 siue

226 1191 335 1226 odam
361 1191 457 1225 hanc
482 1191 602 1235 ipsam
629 1189 748 1224 mauis
775 1200 908 1224 uocare
935 1188 1012 1224 siue
1040 1190 1238 1234 eglogam.)

273 1237 366 1273 Stat.
389 1239 422 1273 S.
444 1236 496 1270 ΠΙ
515 1249 570 1282 pr.
592 1248 664 1272 eX.:
692 1247 837 1271 summa
857 1237 913 1270 est
933 1235 1026 1280 (scil.
1048 1235 1138 1271 Silu.
1154 1236 1204 1271 III
1225 1238 1260 1282 5)
1282 1238 1429 1284 egloga,

225 1296 299 1330 qua
324 1295 469 1320 meeum
492 1284 662 1319 secedere
682 1283 879 1328 Neapolim
901 1283 1094 1318 Claudiam
1114 1295 1236 1319 meam
1257 1286 1431 1322 exhortor

225 1334 278 1377 (et
312 1332 432 1376 quinti
464 1331 638 1366 carminis
669 1331 762 1365 haec
796 1332 851 1365 est
882 1330 1075 1376 inscriptio
1107 1331 1146 1365 in
1179 1332 1256 1367 cod.
1291 1333 1427 1368 Rhedi-

224 1390 377 1425 gerano:
404 1379 432 1413 E
458 1378 546 1423 loga
572 1379 618 1413 ad
644 1379 819 1421 uxorem).

273 1426 365 1461 Stat.
388 1426 422 1461 S.
442 1425 513 1460 IIII
536 1438 590 1470 pr.
611 1424 725 1460 med:
752 1425 880 1459 iuncta
901 1426 956 1460 est
976 1425 1111 1470 egloga
1131 1426 1178 1461 ad
1202 1427 1427 1473 municipem

224 1485 348 1509 meum
372 1472 507 1508 Iulium
533 1472 793 1507 Menecratem.

272 1520 395 1556 Sidon,
423 1519 490 1564 Ep.
518 1519 620 1554 VIIII
647 1523 707 1561 13,
733 1531 767 1555 11.
798 1523 838 1553 12
865 1529 1021 1553 uernans
1047 1531 1112 1564 per
1137 1521 1231 1555 uarii
1257 1522 1430 1558 carminis

226 1568 390 1613 eglogas,
418 1568 615 1602 uerborum
642 1566 752 1601 uiolis
778 1566 1082 1602 multicoloribus.

272 1615 422 1650 Sueten.
469 1615 547 1649 uita
584 1612 731 1648 Horatii
776 1614 824 1657 (p.
865 1616 950 1656 298,
996 1617 1016 1648 6
1054 1614 1129 1659 R.):
1174 1616 1427 1660 expressitque

223 1663 427 1707 (Augustus
460 1661 619 1706 Horatii)
659 1661 827 1704 eclogam
860 1661 906 1694 ad
940 1672 996 1705 se,
1037 1661 1139 1696 euius
1171 1661 1319 1697 initium
1352 1667 1426 1699 est:

225 1708 315 1743 Cum
340 1710 398 1744 tot
425 1708 607 1743 sustineas
635 1709 703 1743 etc.
731 1707 811 1752 (Ep.
836 1706 870 1740 H
899 1708 943 1752 1).

178 1761 195 1791 1
224 1756 361 1801 Vergil.
389 1756 430 1791 A.
458 1755 509 1790 VI
536 1759 602 1790 887
629 1755 724 1790 aeris
749 1755 788 1789 in
814 1754 965 1799 eampis.

176 1808 196 1838 2
223 1803 362 1848 Vergil.
390 1803 436 1838 A.
462 1802 514 1836 VI
540 1806 607 1837 443
634 1803 777 1837 murtea
804 1802 941 1836 circum
968 1801 1062 1837 silua
1088 1802 1193 1848 tegit.

177 1856 197 1886 3
224 1850 363 1895 Vergil.
392 1853 433 1886 A.
462 1849 512 1883 VI
539 1853 605 1884 517
638 1849 704 1884 illa
737 1849 887 1884 chorum
921 1850 1096 1885 simulans
1126 1851 1296 1885 euhantis
1323 1851 1428 1897 orgia

224 1899 360 1934 circum
388 1898 547 1932 ducebat
572 1896 763 1941 Phrygias.

176 1950 196 1980 5
222 1945 363 1990 Vergil.
388 1944 430 1980 A.
458 1945 509 1980 VI
534 1947 601 1979 451
635 1944 783 1979 errabat
815 1944 909 1978 silua
940 1944 978 1978 in
1009 1955 1155 1989 magna.
1188 1944 1239 1979 VI
1265 1950 1333 1981 270
1360 1947 1428 1981 sub

222 1994 303 2028 luce
329 1992 505 2036 maligna.

178 2044 196 2075 7
224 2040 353 2075 Horat.
380 2039 446 2084 Ep.
474 2039 490 2072 I
518 2042 572 2083 10,
599 2042 642 2073 21
671 2050 753 2073 cum
780 2049 964 2072 murmure
990 2038 1121 2073 riuum.

177 2091 197 2122 9
224 2087 362 2131 Vergil.
389 2086 429 2121 E.
458 2085 509 2120 III
537 2090 603 2121 106
630 2084 801 2130 inscripti
825 2085 977 2120 nomina
1002 2097 1131 2130 regum
1159 2116 1165 2122 .
1191 2114 1196 2119 .
1220 2115 1226 2121 .
1254 2087 1372 2122 flores.

175 2138 195 2169 8
224 2133 256 2170 (l
281 2133 372 2170 Mos.
403 2138 419 2168 1
446 2133 624 2168 nebuloso
650 2133 811 2168 flumine.

157 2184 198 2215 10
227 2180 332 2216 Ouid.
354 2182 400 2215 M.
423 2180 473 2214 111
498 2183 566 2215 424
594 2182 798 2225 cunctaque
825 2179 978 2214 miratur
1004 2180 1136 2223 quibus
1163 2182 1219 2216 est
1244 2181 1427 2228 mirabilis

223 2227 312 2272 ipse.
364 2226 396 2263 (1
423 2229 467 2262 cf.
495 2228 682 2272 Technop.
710 2232 753 2262 69
782 2226 954 2262 Oebalius
981 2227 1058 2262 1108.

157 2278 197 2309 11
225 2274 364 2320 Vergil.
402 2274 443 2308 A.
482 2274 586 2309 VIIII
624 2278 692 2309 614
730 2274 832 2320 pieta
869 2284 975 2309 croco
1015 2275 1053 2309 et
1089 2275 1247 2320 fulgenti
1287 2276 1427 2311 murice
