1563 2511
663 78 975 119 -499ᾖ

836 110 857 118 ..ι

68 264 165 296 1111[
169 270 257 288 xxxxxx
260 265 271 294 ]
583 251 645 286 DE
673 252 865 287 HOMINE
894 252 1049 288 PIGRO.

142 335 279 377 Sanus
312 335 436 391 piger
465 335 676 377 febriente
709 337 843 379 multo
878 340 942 378 est
973 337 1171 391 nequior:

201 394 330 436 Potat
362 395 539 449 duplum
574 395 787 450 dapesque
821 396 1011 451 duplices
1045 396 1233 438 deuorat.

68 559 94 584 v
116 557 248 591 [cxxxul
495 546 547 580 IN
574 545 771 581 CAECVM
797 546 859 581 ET
886 546 1131 583 CLAVDVM.

137 629 334 671 Insidens
368 645 492 672 caeco
526 631 722 686 graditur
753 631 860 686 pede
893 632 1070 673 claudus
1102 635 1303 687 utroque:

199 688 292 737 Quo
324 693 441 730 caret
474 690 695 743 alteruter,
732 691 863 732 sumit
896 691 948 732 ab
982 691 1204 734 alterutro.

140 746 301 790 Caecus
334 763 519 802 namque
550 749 679 802 pedes
713 749 865 791 claudo
899 764 1179 805 gressumque
1211 751 1448 804 ministrat,

199 808 258 847 At
291 807 467 849 claudus
501 821 625 849 caeco
657 807 820 849 lumina
852 823 930 863 pro
962 809 1155 864 pedibus.

67 970 110 996 VI
131 971 281 1002 [cxxxm]
387 958 567 992 ALITER
591 958 644 993 IN
671 959 868 995 CAECVM
895 960 955 994 ET
984 959 1229 996 CLAVDVM.

137 1053 348 1096 Ambulat
383 1055 573 1097 insidens
607 1070 732 1097 caeco
764 1056 872 1111 pede
905 1059 1057 1111 eaptus
1090 1059 1272 1111 utroque

196 1114 339 1168 Atque
372 1114 539 1155 alterna
572 1115 689 1156 subit
721 1116 867 1156 munia
899 1116 1120 1170 debilitas3

135 1171 248 1214 Nam
281 1187 430 1214 caecus
464 1173 614 1215 claudo
648 1174 774 1228 pedes
808 1175 1069 1228 commodat,
1101 1175 1176 1216 ille
1208 1175 1399 1216 uicissim

196 1231 346 1273 Mutua
380 1233 455 1273 dat
488 1247 611 1274 caeco
644 1233 806 1274 lumina
842 1248 919 1287 pro
952 1234 1143 1288 pedibus.

231 1383 299 1418 IIII
324 1381 554 1426 Μενάνδρου
579 1381 877 1429 Ἐπιτρεπόντων
904 1385 937 1419 Π
963 1385 1080 1431 (Stob.
1107 1385 1324 1420 F101.XXX
1349 1391 1367 1421 7
1395 1386 1486 1422 Mei-

135 1431 230 1466 neke
257 1432 314 1466 Fr.
343 1431 442 1466 Com.
470 1431 540 1466 IIII
568 1435 667 1475 119):

343 1475 466 1534 Ἀργός
491 1476 531 1512 δ’
560 1477 742 1524 ὑγιαίνων
768 1480 835 1514 τοῦ
861 1478 1107 1522 πυρέττοντος
1132 1477 1227 1515 πολύ

350 1522 597 1570 αθλιώτερος,
626 1525 803 1561 διπλασια
829 1527 922 1570 γοῦν
949 1524 1070 1561 ἐσθίει
1097 1525 1226 1571 μάτην.

135 1573 180 1608 cf.
212 1571 407 1608 Menandri
441 1574 539 1608 Mon.
575 1578 631 1608 34
677 1574 978 1619 Theophylaetos
1019 1574 1225 1609 Simocatos
1265 1574 1372 1619 epist.
1405 1574 1487 1609 LXI

232 1679 274 1715 V.
302 1679 352 1714 VI
379 1680 529 1715 Anthol.
556 1680 635 1714 Pal.
662 1680 765 1714 VIIII
794 1684 835 1714 12
863 1680 981 1724 (Plan
1010 1681 1025 1714 I
1051 1685 1084 1724 4,
1105 1682 1141 1725 ⁶2)

719 1739 786 1762 Aet
786 1739 900 1762 xmox*

281 1771 431 1830 Τυφλὸς
456 1773 648 1830 ἀλητεύων
675 1772 793 1831 χωλὸν
819 1774 940 1814 πόδας
966 1771 1162 1818 ἠέρταζεν,

349 1818 513 1878 ὄμμασιν
538 1818 744 1865 ἀλλοτρίοις
770 1819 1116 1877 αντερανιζόμενος

271 1864 395 1913 ’Ἄμφω
421 1866 457 1902 δ’
486 1866 670 1926 ἡμιτελεῖς
695 1867 788 1912 πρὸς
815 1866 900 1908 ἑνὸς
926 1869 1042 1912 φύσιν
1068 1866 1334 1914 ἡρμόσθησαν,

348 1912 542 1955 τοῦλλιπες
568 1913 737 1960 αλλήίοις
762 1913 844 1950 ἄντι
849 1914 1141 1961 παρασχόμενοι.

136 1962 182 1996 cf.
210 1962 323 1997 Anth.
349 1962 426 1998 Pal.
454 1962 556 1997 VIIII
586 1968 625 1997 11
654 1966 692 1997 et
720 1968 762 1998 13
790 1964 907 2008 (Plan.
934 1964 950 1997 1
977 1968 1055 2007 4,1
1085 1967 1122 1999 et
1147 1968 1182 2008 3)

231 2104 298 2139 1111
331 2108 351 2139 2
378 2106 505 2150 portat
536 2105 571 2140 V

231 2163 263 2196 V
301 2166 496 2198 correctum
534 2166 583 2197 est
621 2163 820 2207 cscemplccr,
859 2173 886 2196 c.
923 2162 982 2196 VI
1013 2163 1117 2207 prior
1149 2164 1322 2198 carminis
1354 2163 1485 2206 forma.

137 2221 180 2245 ex
206 2209 346 2245 Graeco
374 2211 457 2245 add.
488 2210 560 2243 VA

231 2269 282 2303 VI
320 2269 424 2304 Idem
457 2269 531 2303 VA
629 2274 649 2304 3
682 2269 793 2314 pedes
826 2269 999 2304 uimirmn
1031 2269 1072 2303 in
1102 2270 1258 2304 scedulis
1289 2270 1484 2314 scripserat

136 2321 281 2361 auctor,
307 2329 372 2362 pes
399 2317 448 2352 M
469 2316 564 2362 pede
597 2317 671 2352 VA
