1563 2511
104 142 220 182 7927
252 154 282 181 s.
309 138 366 192 X3
400 138 605 180 accedunt
637 137 814 179 alterius
846 136 1049 190 familiae,
1082 137 1317 179 auctiorem
1345 151 1451 191 quae

102 198 234 239 habet
254 198 381 239 istam
404 197 613 252 syllogen,
636 195 888 238 stabulensis
909 195 1064 237 codicis
1085 195 1322 250 relliquiae,
1344 210 1452 250 quae

104 259 254 299 extant
285 256 330 297 in
363 256 450 297 cod.
484 255 619 297 Paris.
643 255 782 296 17177
818 254 890 296 fol.
924 269 954 295 s.
981 254 1042 296 XI
1069 269 1109 308 p.
1136 254 1190 296 98
1214 269 1315 309 sqq.,
1347 269 1452 295 non-

103 316 200 357 dum
245 315 452 357 conlatae.
521 315 564 356 in
617 313 876 356 Ausonianis
921 313 1080 368 eclogis
1125 327 1258 366 paene
1308 313 1452 354 nullus

102 375 255 416 horum
300 374 506 415 librorum
552 376 618 415 est
660 387 780 425 usus3
826 372 1026 413 carminis
1072 386 1173 413 uero
1220 371 1269 412 de
1311 371 1453 426 Rosis,

105 433 216 488 quod
248 432 357 474 falso
386 433 579 474 Ausonio
608 432 937 486 adscripserunt,
970 431 1118 472 unicus
1147 431 1215 472 hic
1248 434 1313 472 est
1343 431 1453 472 fons.

194 491 323 533 Multi
355 494 576 546 praeterea
609 493 708 532 sunt
740 490 853 544 libri,
886 489 958 543 qui
992 489 1163 531 omissis
1197 488 1452 531 Caesaribus

105 554 258 606 cetera,
292 565 399 605 quae
427 550 468 592 P
490 551 693 603 continet,
719 551 837 590 recto
865 548 1012 590 ordine
1040 551 1347 604 propagarunt,
1375 548 1453 590 sci-

104 610 205 652 licet

105 680 262 713 monost.
285 679 328 713 de
342 677 514 712 Herculis
534 677 731 720 aerumnis,
752 676 818 711 Vir
837 676 967 720 bonus,
987 675 1054 710 Est
1074 678 1110 710 et
1124 676 1219 721 Non,
1241 675 1454 710 Hesiodion.

107 765 234 805 porro
274 765 360 792 non
400 751 569 801 desunt,
614 751 658 791 in
699 749 852 804 quibus
891 748 958 789 his
999 748 1260 803 adiungatur
1298 763 1348 789 ex
1386 748 1454 788 Iu-

108 810 273 851 uenalis
312 809 401 850 ludi
439 809 585 850 libello
625 809 674 850 de
714 808 839 850 Rosis
876 822 1059 849 carmen.
1121 808 1240 849 uelut
1266 808 1312 848 in
1339 807 1455 849 foliis

105 868 517 911 Darmstacliensibus
546 871 658 909 3301
690 882 721 908 s.
752 866 791 907 X
825 866 1074 920 Wimpfena
1107 866 1314 917 oriundis,
1348 880 1456 920 quae

108 927 333 981 descripsit
364 926 654 968 EDuemmler
686 925 905 967 NArchiu.
937 925 998 966 XI
1033 926 1107 977 77,
1148 926 1239 980 ipse
1273 925 1457 978 excussi3

107 987 179 1027 ubi
218 986 324 1027 haec
363 988 462 1027 sunt
499 985 708 1038 inscripta
744 984 1002 1026 carminibus
1036 987 1161 1038 atque
1195 984 1456 1038 subscripta:

224 1054 357 1099 incipit
381 1054 589 1089 monastica
615 1054 659 1089 de
686 1054 873 1089 aerumnis
899 1053 1069 1089 Herculis

274 1102 408 1136 finiunt
433 1101 639 1136 monastica
665 1102 927 1146 suprascripta.

228 1149 331 1194 incpt
358 1149 403 1184 de
429 1148 664 1183 institutione
691 1148 764 1182 uiri
788 1148 878 1183 boni

275 1196 370 1240 expl.
399 1196 549 1241 aigloga
576 1196 655 1240 sus).

227 1242 344 1288 incipt
370 1243 415 1278 de
440 1242 682 1288 phitacoricis
708 1241 991 1277 diffinitionibus
1018 1242 1188 1277 Naikeon

277 1290 388 1335 expl’i
415 1291 552 1335 egloga
578 1301 689 1335 supra
715 1290 853 1334 scripta

228 1338 331 1383 incl-at
357 1338 402 1372 de
429 1337 616 1372 aetatibus
643 1336 875 1371 animantum

277 1385 359 1419 finit
385 1384 521 1430 egloga
547 1395 657 1428 supra
683 1384 822 1428 scripta

230 1433 333 1477 incpt
360 1432 494 1478 egloga
521 1432 565 1466 de
592 1431 686 1467 rosis
712 1430 949 1466 nascentibus
976 1431 1013 1465 et
1040 1431 1325 1467 senescentibus.

637 1479 745 1522 (deest
768 1480 882 1521 finis.)

111 1553 255 1607 plures
289 1553 419 1593 etiam
452 1552 745 1605 inueniuntur,
779 1552 851 1606 qui
884 1566 1015 1592 unum
1046 1552 1278 1593 alterumue
1304 1551 1458 1593 horum

113 1612 352 1653 carminum
404 1610 662 1665 receperint,
710 1625 815 1664 quos
859 1610 967 1652 nihil
1022 1610 1179 1652 attinet
1229 1625 1460 1664 recensere,

112 1685 208 1712 cum
246 1671 290 1711 in
328 1670 556 1724 propatulo
596 1670 653 1711 sit
691 1669 867 1711 disiecta
904 1669 1008 1711 haec
1047 1670 1239 1711 membra
1277 1684 1327 1711 ex
1364 1670 1460 1724 plus

111 1730 308 1771 minusue
349 1729 561 1783 corruptis
605 1728 804 1783 fiorilegii
842 1729 980 1770 nostri
1024 1729 1145 1770 libris
1184 1728 1380 1784 inprimis
1420 1728 1462 1770 P

112 1788 302 1829 familiae
341 1802 432 1829 esse
471 1788 705 1842 deriuatos,
742 1802 829 1829 non
867 1802 916 1828 ex
948 1788 1140 1842 pleniore
1173 1788 1317 1842 aliquo
1350 1787 1461 1830 Vos-

114 1848 258 1888 sianae
297 1846 488 1888 familiae
529 1847 653 1888 libro.
703 1847 786 1888 uid.
824 1861 931 1901 quae
972 1847 1022 1888 de
1055 1846 1220 1888 duobus
1253 1847 1459 1888 librorum

113 1906 308 1961 paribus,
348 1906 485 1947 altero
532 1905 727 1947 Vossiano
771 1906 804 1957 Q
838 1909 892 1947 5¹6
930 1920 1025 1947 cum
1069 1905 1266 1948 Parisino
1309 1907 1462 1959 13026,

114 1966 247 2007 altero
281 1964 531 2007 Durlaceozsi
563 1968 618 2006 36
649 1979 743 2006 cum
784 1965 979 2006 Vossimzo
1013 1964 1047 2016 Q
1077 1968 1132 2007 33
1171 1964 1258 2006 dixi
1290 1963 1461 2006 Ueberl.

113 2040 152 2079 p.
186 2024 270 2066 307
312 2027 353 2065 et
390 2023 502 2065 infra
541 2023 593 2064 ad
632 2037 802 2065 carmen
848 2024 897 2065 de
939 2024 1183 2065 nominibus
1229 2022 1461 2065 Musarum.

113 2083 373 2124 recentiores
420 2085 462 2123 et
511 2083 847 2135 recentissimos,
898 2097 1078 2137 quorum
1128 2083 1293 2124 librarii
1343 2082 1462 2123 undi-

117 2156 197 2196 que
244 2141 448 2196 quidquid
492 2143 726 2196 potuerunt
779 2142 993 2183 minorum
1044 2142 1280 2183 carminum
1325 2155 1462 2182 corra-

117 2215 226 2255 sere,
264 2200 446 2255 Vergilii
484 2200 653 2242 laudem
692 2200 906 2255 poeticam
945 2203 993 2242 ut
1025 2200 1084 2242 eis
1118 2201 1340 2255 augerent,
1377 2214 1461 2241 non

115 2274 343 2302 moramur.
