1563 2511
664 50 950 91 —94—

63 178 107 202 'VI
129 177 192 209 [365
203 177 239 203 A.
259 177 360 210 Edyll.
372 177 525 209 xvn11A.]
678 173 698 194 *
761 175 782 193 '⁸‘
844 172 865 194 '⁴‘

135 237 347 291 Tempora
379 250 486 292 quae
521 235 693 280 Stilbon
724 239 890 291 uoluat,
922 252 1029 292 quae
1063 238 1233 280 saecula
1261 238 1482 295 Phaenon,

135 295 252 344 Quos
286 296 434 349 Pyrois
468 296 642 351 habeat,
674 311 779 352 quos
811 297 1006 351 Iuppiter
1038 298 1139 351 igne
1172 298 1361 354 benigno

135 353 368 408 Circuitus,
401 355 519 409 quali
550 358 751 410 properet
782 355 929 397 Venus
963 356 1076 397 alma
1106 370 1298 411 recursu,

135 413 217 463 Qui
251 413 471 468 Phoeben,
503 415 653 468 quanti
686 417 892 456 maneant
924 415 1081 456 Titana
1112 415 1299 466 labores,

134 472 279 514 Donec
311 476 584 527 consumpto,
616 487 798 528 magnus
832 476 905 528 qui
937 474 1108 528 dicitur,
1141 489 1271 528 anno,
1461 486 1480 516 5

137 531 298 573 Rursus
329 532 375 572 in
407 532 596 573 anticum
628 532 802 573 ueniant
835 546 948 587 uaga
981 533 1122 574 sidera
1153 548 1341 588 cursum,

135 590 287 639 Qualia
319 590 517 646 dispositi
551 594 760 633 steterunt
791 592 845 633 ab
879 592 1043 646 origine
1075 592 1233 633 mundi.

62 754 121 779 vn
143 755 206 786 [368
225 755 292 780 Ec1.
310 755 331 786 1]
545 741 609 776 DE
634 741 850 777 RATIONE
877 742 1065 778 LIBRAE.

132 825 303 867 Miraris
337 826 592 882 quicumque
625 841 797 868 manere
829 828 1021 882 ingentia
1052 827 1200 868 mundi

133 883 342 939 Corpora,
376 885 548 926 sublimi
581 886 688 927 caeli
720 887 984 927 circumdata
1016 899 1139 940 gyro,

132 943 191 985 Et
221 947 369 985 tantae
402 945 567 985 nullam
600 945 703 986 moli
735 944 997 986 intercedere
1029 946 1188 998 labem,

134 1004 309 1058 Accipe,
343 1003 455 1058 quod
487 1004 641 1044 mirere
673 1004 824 1059 magis.
875 1004 1128 1045 tenuissima
1158 1004 1294 1045 tantis

133 1061 351 1116 Principia
384 1066 426 1103 et
456 1065 628 1104 nostros
660 1077 746 1104 non
779 1063 1053 1104 admittentia
1084 1063 1203 1104 uisus
1461 1075 1480 1105 5

132 1120 372 1162 Paruarum
405 1122 512 1162 serie
545 1123 747 1163 constant
779 1136 939 1164 conexa
971 1123 1231 1175 atomorum3

133 1179 206 1221 Set
240 1181 424 1221 solidum
456 1181 501 1221 in
532 1181 679 1236 paruis
712 1181 904 1235 nullique
937 1181 1123 1223 secabile
1157 1195 1344 1236 segmen.

132 1238 255 1280 Vnde
287 1239 414 1294 uigor
445 1239 643 1294 uiresque
675 1244 853 1281 manent
886 1242 1144 1295 aeternaque
1175 1254 1317 1281 rerum

131 1297 355 1340 Mobilitas
388 1299 593 1354 nulloque
625 1313 828 1353 umquam
861 1299 1116 1354 superabilis
1149 1313 1266 1340 aeuo.

131 1356 303 1398 Diuinis
336 1357 525 1399 humana
556 1358 658 1400 licet
690 1372 941 1412 conponere.
993 1359 1053 1400 sic
1086 1362 1150 1399 cst
1438 1369 1480 1400 10

132 1417 193 1457 As
226 1416 404 1471 solidus,
438 1417 641 1471 quoniam
674 1417 740 1458 bis
773 1432 846 1458 sex
879 1417 929 1458 de
961 1417 1158 1471 partibus
1193 1417 1339 1471 aequis

132 1474 315 1516 Constat
349 1478 390 1516 et
421 1475 464 1516 in
497 1476 690 1517 minimis
722 1476 897 1530 paribus
929 1479 1075 1517 tamen
1106 1491 1192 1517 una
1224 1478 1368 1518 manet
1401 1477 1479 1518 uis.

131 1533 243 1575 Nam
277 1535 311 1575 si
346 1535 445 1589 quid
477 1550 655 1576 numero
688 1536 924 1588 minuatur,
956 1549 1124 1576 summa
1155 1536 1333 1577 uacillat

132 1592 458 1649 Conuulsaeque
491 1596 619 1635 ruunt
649 1594 864 1636 labefacto
898 1608 1073 1648 corpore
1105 1597 1263 1649 partes.

131 1651 207 1706 Vt,
240 1653 428 1694 medium
462 1653 497 1694 si
530 1653 624 1707 quis
656 1653 791 1694 uellat
823 1653 873 1694 de
904 1653 1067 1695 fornice
1101 1668 1268 1704 saxum,
1433 1663 1477 1695 15

68 1805 105 1837 V
224 1804 274 1838 VI
303 1805 344 1839 in
369 1815 442 1839 mzo
469 1804 503 1839 V
526 1805 656 1849 leyitm·
684 1806 916 1840 coniunctum
941 1817 1020 1841 eum
1046 1805 1239 1840 Hesiodio:
1266 1815 1410 1839 carmen
1436 1805 1478 1839 de

127 1852 286 1896 planetis
311 1852 356 1887 ab
383 1852 559 1886 Hesz'oclz'o
585 1853 763 1895 alienum,
795 1853 900 1887 euius
925 1854 1032 1896 prior
1057 1863 1150 1896 pars
1181 1852 1371 1894 exciderit,
1408 1862 1479 1886 esse

1471 1923 1474 1930 v

130 1922 281 1957 Schenkl
306 1922 573 1966 suspicabatur.
679 1927 696 1957 1
725 1909 748 1967 (⁵³1
775 1922 861 1958 stilo
887 1921 1059 1957 inuoluat
1084 1922 1119 1957 V
1141 1933 1230 1958 corr.
1248 1921 1448 1958 Accursz'us

130 1969 254 2004 secula
286 1969 320 2003 V
345 1972 349 2011 Ι
378 1969 537 2015 phaeton
563 1970 595 2013 (t
619 1981 663 2004 ex
688 1975 756 2011 n‘?)
790 1970 824 2004 V
846 1980 935 2005 corr.
969 1970 1119 2005 Vinctus
1216 1974 1234 2003 2
1261 1968 1377 2014 pirois
1411 1969 1445 2004 V

129 2016 226 2060 quod
259 2016 292 2050 V
315 2027 405 2052 corr.
432 2018 631 2052 Aeeta-sevus
658 2021 748 2060 quot
774 2017 952 2052 Heinsius
1034 2022 1053 2051 3
1081 2028 1185 2051 arma
1217 2016 1262 2051 V¹
1344 2021 1364 2051 5
1392 2028 1476 2051 con-

129 2066 249 2098 sumto
281 2063 315 2096 V
408 2068 427 2098 6
455 2065 608 2098 beniaut
640 2064 674 2097 V
758 2068 775 2098 7
806 2063 975 2108 dispositi
1009 2064 1042 2098 V
1065 2063 1246 2108 disposita
1270 2064 1327 2098 uel
1354 2064 1475 2108 dispo-

128 2111 202 2145 situ
227 2110 422 2146 Buecheler
444 2114 449 2155 1
472 2113 654 2146 steterant
686 2111 720 2145 V
743 2122 832 2145 corr.
853 2111 1041 2146 Baehrens

67 2196 100 2229 V
226 2193 292 2228 VII
318 2198 338 2228 2
359 2193 439 2239 giro
461 2193 495 2227 V
566 2197 583 2228 7
606 2194 662 2227 set
682 2193 727 2227 V¹
802 2197 822 2228 S
843 2193 939 2228 uires
959 2178 1042 2237 uir}
1069 2193 1152 2237 (ires
1172 2176 1256 2237 uit-{3
1275 2193 1316 2227 in
1335 2194 1425 2237 ras.)
1444 2193 1478 2228 V

129 2252 217 2277 corr.
242 2242 374 2277 Cantor
449 2245 491 2275 10
517 2240 653 2275 di‘oinis
686 2241 721 2274 V
801 2245 841 2274 11
871 2241 948 2286 sex]
976 2253 991 2275 s
1018 2252 1059 2274 m.
1087 2251 1150 2275 see.
1179 2240 1213 2274 V
1291 2243 1333 2274 13
1359 2240 1473 2275 uacil-

129 2290 181 2324 let
207 2289 241 2324 V
264 2300 353 2324 corr.
368 2288 542 2333 chydnn.
566 2290 570 2332 !
594 2287 773 2322 uacillent
793 2309 836 2313 —
859 2288 969 2322 ruant
989 2287 1168 2322 Heinsius
1242 2291 1284 2321 14
1310 2289 1418 2342 ruunt
1443 2287 1479 2322 V
