1563 2511
635 62 952 103 —227-

119 165 384 206 Enumerare
415 165 555 219 iubes,
586 167 709 207 uetus
742 180 766 206 o
798 166 904 207 mihi
936 167 1068 208 Paule
1102 168 1280 222 sodalis,

120 223 378 265 Adsuefacte
411 224 517 264 meis
549 223 730 265 ioculari
763 225 951 265 carmine
983 226 1121 279 nugis.
1423 239 1464 269 10

120 282 376 337 Adgrediar3
409 282 605 335 quamuis
638 296 781 323 curam
812 297 899 324 non
932 283 1016 324 ista
1048 284 1226 325 senilem

121 340 364 382 Sollicitent
395 339 595 394 frugique
628 340 720 382 uiro
753 341 970 393 dignanda
1001 345 1217 395 putentur.

120 399 233 441 Nam
265 398 370 439 mihi
401 413 488 439 non
520 398 685 440 Saliare
718 399 910 453 epulum,
942 414 1028 441 non
1061 415 1165 441 aura
1196 401 1378 455 dapalis,

121 457 300 506 Qualem
330 456 570 511 Penelopae
602 457 865 498 nebulonum
898 473 1045 499 mensa
1077 472 1305 512 procorum

120 516 374 570 Alcinoique
405 515 558 557 habuit
586 515 749 557 nitidae
782 516 893 557 cutis
927 519 1054 558 uncta
1085 517 1297 559 iuuentus.
1420 531 1460 560 15

118 574 397 615 Enumerabo
430 577 574 615 tamen
606 575 767 615 famam
799 578 1014 629 testesque
1048 579 1217 616 secutus

119 632 202 674 Pro
236 632 387 674 studiis
419 632 642 674 hominum
675 647 841 687 semper
874 633 1043 674 diuersa
1073 634 1347 688 probantum.

120 690 193 733 Set
223 690 330 732 mihi
361 705 463 745 prae
496 692 657 733 cunctis
689 691 939 746 lectissima,
972 707 1080 746 quae
1113 692 1381 735 Medulorum

117 749 285 791 Educat
317 763 517 804 oceanus,
551 764 656 805 quae
689 749 1018 805 Burdigalensia
1050 766 1205 792 nomen

118 807 263 862 Vsque
296 808 348 849 ad
380 807 614 850 Caesareas
646 809 748 849 tulit
780 809 1007 850 admiratio
1042 824 1230 864 mensas,
1420 822 1462 853 20

118 866 219 907 Non
250 867 426 908 laudata
458 868 617 922 minus,
648 867 789 908 nostri
821 882 948 922 quam
981 868 1121 922 gloria
1153 869 1253 909 uini.

118 924 238 966 Haec
269 925 382 966 inter
414 928 589 967 cunctas
622 926 811 979 palmam
845 940 1036 967 meruere
1068 927 1275 981 priorem,

118 982 328 1025 Omnibus
362 999 412 1025 ex
444 985 575 1039 longo
609 984 878 1026 cedentibus:
914 985 999 1025 ista
1031 988 1073 1026 et
1105 985 1237 1038 opimi

116 1041 304 1083 Visceris
338 1045 380 1083 et
411 1043 525 1084 niuei
559 1042 756 1097 dulcique
788 1043 1023 1084 tenerrima
1056 1057 1156 1084 suco

116 1100 298 1141 Miscent
330 1115 587 1155 aequoreum
619 1102 738 1142 tenui
772 1102 859 1142 sale
891 1102 1027 1143 tincta
1059 1115 1268 1155 saporem.
1420 1113 1463 1144 25

116 1158 315 1200 Proxima
348 1160 432 1200 sint
465 1160 678 1214 quamuis,
713 1162 811 1200 sunt
842 1160 970 1213 longe
1002 1160 1197 1213 proxima
1229 1161 1363 1202 multo

114 1217 181 1259 Ex
213 1218 462 1270 interuallo,
495 1233 602 1272 quae
634 1218 943 1271 Massiliensia,
975 1221 1145 1271 portum

117 1276 234 1325 Quae
266 1275 414 1317 Narbo
448 1276 499 1317 ad
532 1276 714 1318 Veneris
747 1277 901 1330 nutrit,
934 1278 1134 1331 cultuque
1168 1277 1356 1318 carentia

115 1334 451 1388 Hellespontiaci
484 1349 592 1390 quae
623 1334 818 1389 protegit
850 1349 1010 1389 aequor
1042 1334 1201 1388 Abydi,

119 1392 196 1433 Vel
230 1408 336 1448 quae
368 1392 542 1435 Baianis
576 1394 762 1448 pendent
794 1393 1010 1434 fluitantia
1041 1394 1171 1447 palis,
1421 1405 1465 1436 30

117 1450 352 1493 Santonico
387 1466 493 1506 quae
525 1455 641 1494 tecta
673 1452 782 1505 salo,
816 1466 923 1505 quae
955 1455 1060 1493 nota
1093 1452 1298 1493 Genonis:

213 1571 256 1601 14
281 1566 407 1602 Horat.
436 1566 503 1611 Ep.
525 1567 541 1600 Ι
561 1571 594 1609 2,
615 1570 659 1602 28
682 1579 733 1611 sq.
762 1566 888 1611 sponsi
908 1567 1118 1611 Penelopae
1143 1566 1346 1601 nebulones
1366 1566 1464 1601 Alci-

115 1613 251 1657 noique
277 1614 316 1647 in
343 1614 425 1648 cute
452 1614 615 1648 curanda
640 1614 724 1658 plus
752 1625 869 1657 aequo
897 1614 1053 1658 operata
1078 1613 1261 1648 iuuentus.

210 1664 254 1695 29
275 1660 415 1705 Vergil.
431 1659 472 1694 G.
488 1660 505 1694 I
520 1665 585 1695 207
608 1660 768 1696 ostriferi
788 1660 1088 1704 fauces..Abydi.
1107 1681 1146 1685 —-
1166 1660 1299 1694 Catulli
1321 1660 1459 1705 Priap.:

116 1718 179 1742 ora
204 1707 462 1752 Hellespontia
488 1707 621 1742 ceteris
649 1707 842 1742 ostriosior
869 1707 951 1742 oris.

210 1805 230 1836 9
255 1800 343 1836 mici
373 1801 408 1836 V
502 1805 543 1835 11
570 1801 678 1836 istam
712 1802 759 1837 V1
859 1805 900 1836 13
936 1801 1025 1835 mici
1055 1800 1115 1843 V}
1151 1800 1283 1834 soliare
1316 1800 1351 1834 V
1373 1811 1462 1835 corr.

114 1848 287 1893 Luydun.
311 1850 316 1892 Ι
339 1859 428 1883 aura
454 1847 582 1892 Peiper
608 1859 694 1882 rura
721 1848 754 1883 V
776 1860 864 1884 cura
889 1850 946 1883 uel
971 1847 1080 1882 turba
1101 1848 1277 1882 Heinsius
1299 1849 1303 1890 1
1327 1846 1462 1891 dapilis

122 1895 156 1930 V
178 1905 268 1931 corr,
294 1895 467 1940 Luydzm.
568 1899 610 1930 15
638 1895 788 1931 alicinoi
819 1895 875 1941 V}
898 1895 1002 1930 abuit
1033 1894 1079 1928 V¹
1103 1896 1106 1938 Ι
1130 1895 1300 1928 iubentus
1332 1894 1378 1928 V¹

118 1945 159 1976 18
186 1942 258 1988 set]
287 1953 337 1977 an
362 1943 470 1977 sunt?
493 1943 497 1986 1
521 1942 658 1977 cunctis
684 1942 739 1985 V}
763 1942 950 1978 ditissima
975 1942 1006 1976 V
1029 1952 1119 1977 corr.
1144 1941 1274 1986 Peiper
1297 1944 1301 1982 1
1323 1941 1463 1975 medul-

114 1989 234 2023 lorum
255 1990 310 2033 (in
328 2000 440 2034 marg).
462 1990 509 2024 al.
531 1989 563 2023 R
581 1990 665 2024 noli]
681 1990 768 2033 loci)
790 1989 824 2024 V
839 2001 928 2025 corr.
951 1989 1124 2034 Luydzm.
1215 1992 1256 2022 19
1278 1988 1408 2022 edocat
1434 1987 1467 2022 V

114 2046 204 2071 corr.
219 2036 393 2082 Luydun.
411 2036 415 2081 Ι
433 2035 711 2080 uurdigalensia
732 2037 777 2071 V1
840 2041 884 2071 20
899 2048 972 2080 qua
985 2036 1170 2079 V(quam:
1184 2047 1219 2068 m
1231 2036 1387 2069 euavnido
1405 2035 1462 2077 VS)

162 2087 206 2117 22
226 2084 379 2118 cunctos
401 2084 602 2118 Mommsen
682 2087 726 2118 24
753 2084 853 2118 nibei
877 2083 923 2118 V¹
947 2085 952 2127 Ι
973 2094 1043 2128 que
1075 2082 1110 2117 V
1178 2086 1221 2116 25
1248 2082 1341 2116 ticta
1368 2081 1413 2114 V¹

115 2133 160 2164 26
186 2129 316 2175 queuis
341 2130 376 2166 V
398 2141 487 2166 corr.
514 2131 689 2165 Heinsius
713 2133 716 2173 Ι
740 2132 826 2165 sunt
845 2131 996 2173 Mehler,
1022 2131 1077 2163 set
1108 2130 1141 2163 V
1225 2132 1267 2163 27
1295 2130 1402 2172 portu
1430 2127 1464 2162 V

115 2187 204 2212 corr.
234 2177 383 2212 Vinctus
462 2181 506 2212 28
533 2178 726 2221 (cai-entia:
754 2178 766 2211 i
793 2179 864 2213 alf?
892 2177 948 2221 Vfl)
1023 2180 1065 2211 29
1092 2175 1251 2221 proserit
1276 2175 1414 2209 Mehler
1432 2176 1455 2216 f

114 2235 274 2280 porrigit
294 2236 300 2280 1
324 2235 424 2270 abidi
451 2235 486 2270 V
555 2239 600 2270 30
626 2236 787 2271 fluitatia
812 2236 867 2280 Vl
890 2236 986 2281 palis
1014 2235 1048 2271 V
1069 2234 1157 2279 pilis
1183 2234 1342 2277 Scaliger
1415 2236 1457 2265 31

117 2282 272 2317 Sconico
300 2284 354 2327 (in
378 2293 491 2328 πιανέ).
519 2283 566 2318 αῖ.
594 2283 784 2327 Sanctoni)
820 2283 853 2318 V

1180 2338 1248 2372 15ss
