1563 2511
672 51 990 93 —450—

228 155 348 191 XXXI
376 155 477 202 [253]
506 160 523 190 1
561 155 653 190 Stat.
681 154 714 189 S.
742 154 758 188 Ι
785 159 822 198 2,
850 158 893 189 21
926 155 1075 190 floribus
1100 154 1302 190 innumeris
1329 156 1366 190 et
1391 154 1504 191 olenti

416 212 590 247 spargere
615 202 752 237 nimbo.

370 254 389 285 9
414 250 557 284 Lucret.
584 249 628 284 V.
656 253 724 284 306
757 249 914 293 denique
945 259 1020 284 non
1050 248 1194 293 lapides
1227 260 1374 293 quoque
1405 248 1506 285 uinci

417 297 535 332 cernis
556 297 603 332 ab
623 307 727 340 aeuo,
748 307 821 331 non
841 296 937 332 altas
963 296 1074 331 turris
1100 307 1205 331 ruere
1232 297 1270 330 et
1293 297 1504 341 putrescere

416 355 515 389 saxa,
540 354 615 379 non
635 343 790 379 delubra
809 344 918 378 deum
939 343 1207 387 simulacraque
1232 343 1332 378 fessa
1355 344 1503 380 fatisci?

419 392 524 427 Ouid.
539 391 578 426 F.
593 391 625 424 V
642 395 706 426 131
728 390 839 435 longa
858 391 1025 426 uetustas
1047 390 1205 426 destruit
1225 391 1263 425 et
1282 401 1371 426 saxo
1392 391 1506 436 longa

416 440 566 474 senecta
586 440 703 473 nocet.
726 438 769 473 ef.
790 439 940 473 Lucian.
968 437 1114 472 Charon
1134 441 1178 472 23
1206 449 1259 473 ex.
1284 437 1410 474 Cicero
1436 449 1503 483 pro

414 485 592 522 Marcello
617 490 656 520 11
680 486 826 520 Seruius
848 497 905 531 ap.
928 486 1090 520 Ciceron.
1111 485 1159 520 ad
1185 484 1298 520 famil.
1326 484 1393 519 IIII
1420 488 1452 529 5,
1481 489 1503 521 4

415 533 554 569 Seneca
575 532 619 567 de
639 533 739 567 breu.
767 532 868 567 uitae
897 536 952 576 15,
973 536 994 566 4
1021 531 1259 567 Rutil.1411
1288 544 1366 576 sqq
1392 532 1502 568 Juue-

413 581 487 615 nal.
514 581 546 614 X
575 583 641 614 146
668 579 828 615 Martial.
856 579 888 613 X
915 584 947 623 2,
975 583 994 614 9
1023 591 1101 624 sqq.
1151 578 1244 614 Plin.
1273 590 1356 624 pan.
1387 583 1441 624 55,
1470 583 1501 616 9.

210 627 363 662 XXXIII
391 628 492 673 [252]
521 627 664 662 Plinius
684 639 718 662 n.
739 626 775 662 h.
797 627 881 662 VIII
911 631 976 661 155
1003 627 1091 662 fecit
1117 628 1154 661 et
1181 626 1287 661 diuus
1314 627 1503 671 Augustus

415 686 509 718 equo
523 674 718 718 tumulum,
730 674 774 708 de
789 685 861 718 quo
871 672 1081 708 Germanici
1090 673 1256 708 Caesaris
1271 684 1420 709 carmen
1435 677 1501 709 est.

369 726 384 755 1
415 721 562 766 Coiipp.
588 721 721 756 Justin
756 721 790 755 II
822 724 890 755 326
924 721 1129 764 cunctaque
1169 721 1322 756 clamosi
1352 722 1503 757 tacuere

413 768 545 804 sedilia
572 767 670 803 circi.

213 815 386 850 XXXIIH
409 816 513 861 [254]
534 820 555 850 4
577 815 623 850 cf.
641 814 732 851 Stat.
751 815 784 850 S
799 815 832 850 V
850 819 879 858 1,
902 819 966 851 181
980 826 1057 859 sqq.
1082 815 1224 859 (ordine
1239 815 1395 859 quisque
1411 816 1501 860 suo).

251 863 386 898 XXXV
413 863 515 909 [249]
544 866 563 898 6
593 862 738 898 Consol.
773 862 820 897 ad
844 842 991 897 L’iuiam
1018 865 1084 897 447
1108 874 1160 906 sq.
1206 862 1302 904 Quid
1327 873 1502 897 numeras

412 915 552 945 annos?
592 910 667 945 uixi
705 908 885 945 maturior
916 909 1035 945 annis:
1076 910 1161 944 acta
1192 920 1315 944 senem
1348 908 1501 954 faciunt,

411 957 503 992 haec
530 958 759 1009 numeranda
784 956 863 993 tibi.

415 1002 448 1040 (l
475 1015 530 1049 epp.
555 1008 597 1040 19
624 1003 716 1040 scire
743 1004 827 1039 aeui
852 1003 1037 1048 meritum,
1062 1014 1137 1038 11011
1163 1014 1356 1039 numerare
1383 1002 1500 1038 decet.

411 1051 588 1086 Paulinus
613 1052 693 1086 uita
712 1051 866 1086 Martini
885 1051 919 1086 II
938 1052 1014 1087 iam
1039 1049 1182 1086 meritis
1209 1050 1411 1086 monachus
1437 1050 1502 1085 sed

414 1098 491 1134 solo
517 1098 666 1134 nomine
694 1099 813 1142 miles,

542 1205 610 1240 VII
636 1204 790 1240 ECLOG
795 1205 930 1239 ARUM
957 1205 1112 1239 LIBER.

148 1275 164 1310 Ι
192 1276 293 1322 [471]
324 1281 352 1312 1.
375 1279 396 1310 4
420 1273 452 1311 (l
474 1276 564 1321 Grip
567 1277 601 1311 11
622 1275 737 1320 praef
760 1280 827 1311 8—
833 1279 875 1310 10
895 1287 968 1312 11011
989 1275 1083 1310 illud
1103 1275 1369 1310 Catullianum:
1392 1275 1499 1310 cui—

291 1323 473 1367 libellum,
495 1324 558 1358 sed
578 1320 834 1368 ἀμουσότερον
857 1325 894 1358 et
913 1323 1052 1358 uerius:
1080 1322 1139 1357 cui
1160 1323 1254 1357 dono
1281 1322 1498 1368 inlepidum,

289 1371 418 1406 rudem
444 1352 624 1407 libellum.

222 1422 264 1453 14
292 1430 345 1462 sq.
377 1418 537 1453 Martial.
570 1418 586 1452 I
619 1422 657 1463 3,
693 1422 732 1453 11
767 1418 950 1453 aetherias
983 1447 989 1453 .
1019 1446 1026 1453 .
1062 1445 1068 1452 .
1105 1417 1209 1462 cupis
1241 1416 1401 1452 uolitare
1434 1427 1500 1462 per

289 1476 396 1500 auras
423 1494 429 1501 .
459 1493 464 1499 .
494 1493 513 1508 .,
541 1465 605 1500 sed
631 1467 779 1510 poteras
805 1464 922 1501 tutior
948 1476 1027 1500 esse
1055 1463 1167 1500 domi.

336 1512 496 1548 Martial.
525 1512 576 1547 III
602 1516 640 1556 2,
677 1517 767 1548 1-6
806 1512 908 1547 0111115
939 1513 995 1546 1115
1026 1512 1122 1555 fieri,
1162 1511 1308 1555 libelle,
1341 1515 1498 1546 munus?>

290 1560 460 1595 Faustini
486 1559 585 1605 fugis
612 1560 649 1595 in
677 1560 822 1595 sinum?
856 1559 997 1604 sapisti.

337 1607 538 1652 Hieronym
570 1618 625 1652 ep.
652 1608 678 1641 I.
701 1612 719 1642 7
749 1607 1010 1652 opusculorum
1035 1617 1199 1641 meorum
1227 1605 1314 1650 quia
1337 1605 1499 1650 plurima

290 1655 533 1690 euolauerunt
553 1666 575 1690 a
593 1654 680 1689 nido
701 1656 739 1689 et
763 1653 961 1690 temerario
982 1653 1157 1689 editionis
1186 1654 1323 1689 honore
1343 1653 1498 1698 uulgata

289 1704 384 1736 sunt.

219 1752 261 1783 17
293 1746 326 1783 (I
352 1749 443 1783 Lud.
473 1754 489 1782 1
518 1749 745 1794 ignoscenda
772 1749 885 1784 istaec
912 1759 958 1783 an
985 1747 1242 1794 cognoscenda
1267 1747 1390 1782 rearis.

144 1805 179 1841 ΙΙ
206 1807 307 1853 [362]
334 1806 634 1852 Pythagoricum.

241 1859 261 1889 4
287 1854 429 1899 Vergil.
456 1855 498 1890 A.
526 1855 575 1889 VI
602 1858 670 1889 276
696 1855 816 1899 turpis
843 1856 1000 1899 egestas.

218 1905 260 1935 12
325 1922 366 1926 ——
443 1923 485 1928 -
513 1902 563 1936 XI
592 1906 657 1937 157
686 1901 777 1936 dura
804 1902 1026 1936 rudimenta.

217 1953 261 1983 14
289 1948 425 1993 Vergil.
454 1950 496 1983 A.
524 1949 592 1984 VII
618 1953 685 1984 326
711 1949 861 1993 iraeque
888 1948 1128 1993 insidiaeque.

286 1996 446 2031 Martial.
466 1996 493 2031 Ι.
518 1999 571 2040 15,
595 1999 614 2031 7
641 1997 840 2041 expectant
867 2007 1047 2040 curaeque
1075 1993 1313 2038 catenatique
1337 1994 1493 2030 labores.

217 2045 260 2078 21
288 2043 659 2088 Martial.Spect.7‚
696 2049 711 2078 1
741 2043 900 2088 011111ῒο1·
932 2043 971 2078 111
998 2042 1170 2087 Scythica
1195 2041 1376 2088 religatus
1401 2052 1494 2085 rupe

285 2091 539 2126 Prometheus.

286 2137 461 2195 Aeschyl
470 2138 588 2172 Prom.
607 2141 703 2173 7505
689 2150 767 2182 sqq.
792 2132 812 2181 ἧ
833 2137 1020 2178 ὃυςπετῶς
1043 2132 1090 2171 dv
1112 2135 1198 2176 τοὺς
1218 2133 1330 2181 ἐμοὺς
1350 2132 1493 2175 afflone

287 2185 428 2229 φέροις,
449 2181 521 2232 ὅτῳ
541 2188 678 2220 θανεῖν
696 2185 763 2231 μέν
787 2183 885 2222 ἐστιν
907 2182 950 2219 οὐ
971 2184 1217 2229 πεπρωμένον
1238 2186 1311 2218 κτλ.
1329 2180 1362 2218 (l
1376 2181 1492 2218 Tech-

285 2244 368 2278 nop.
397 2236 453 2268 77.

214 2284 257 2315 22
287 2281 408 2316 Sidon.
437 2291 546 2316 carm.
574 2280 677 2316 VIIII
706 2284 771 2316 135
798 2279 1047 2325 Saturnigena
1072 2279 1110 2324 (i.
1138 2277 1312 2323 Chiron).

215 2331 260 2362 25
287 2327 427 2363 Paulin.
456 2328 610 2363 Euchir.
640 2332 706 2362 233
734 2339 806 2363 non
832 2326 921 2363 felix
948 2338 1036 2363 cura
1062 2325 1211 2362 laboris
