1563 2511
642 56 935 97 —33—

171 163 385 217 Aequales
417 162 529 202 inter
561 161 711 202 Maura
743 162 897 201 uocata
928 160 1020 202 fuit.

114 222 194 264 Sed
224 236 312 263 non
344 222 438 261 atra
470 220 630 273 animo,
664 219 736 274 qui
769 219 923 260 clarior
956 222 1068 260 esset
1102 219 1219 260 olore
1437 229 1456 259 5

170 280 228 321 Et
258 294 343 321 non
375 279 537 320 calcata
569 279 641 333 qui
673 279 772 319 niue
805 277 1034 318 candidior.

111 339 170 389 Et
201 353 288 380 non
321 337 483 378 deliciis
516 338 737 391 ignoscere
769 339 970 391 prompta
1002 336 1210 390 pudendis

171 397 237 438 Ad
268 396 620 451 perpendiculum
653 410 780 450 seque
813 409 999 449 suosque
1031 395 1196 436 habuit.

110 455 228 498 Haec
261 470 327 496 me
359 458 634 509 praereptum
666 455 787 496 cunis
821 457 863 495 et
894 455 947 495 ab
981 454 1108 495 ubere
1140 453 1293 495 matris

170 514 336 556 Blanda
369 514 446 555 sub
482 514 663 555 austeris
695 514 836 555 inbuit
867 513 1057 567 inperiis,
1414 523 1455 553 10

111 573 382 628 Tranquillos
417 573 537 614 auiae
571 573 732 614 cineres
764 575 1000 627 praestate,
1031 571 1164 626 quieti

170 632 406 674 Aeternum
437 647 604 686 manes,
637 632 672 673 si
704 631 776 686 pia
807 632 939 673 uerba
971 631 1134 684 loquor.

42 773 111 806 [165]
158 760 217 794 VI.
244 758 449 793 AEMILIA
473 758 675 794 HILARIA
702 758 998 793 MATERTERA
1024 758 1174 793 VIRGO
1201 756 1408 792 DEVOTA.

112 832 259 886 Tuque
292 832 426 886 gradu
459 832 629 885 generis
662 834 913 885 matertera,
945 831 1017 872 sed
1050 831 1142 872 uice
1175 830 1326 871 matris

171 891 357 932 Adfectu
388 891 480 932 nati
511 891 884 940 commemoranda
915 891 1001 944 pio,

112 949 315 1003 Aemilia,
347 949 393 990 in
426 950 543 990 cunis
576 948 717 990 Hilari
750 963 989 1004 cognomen
1021 949 1191 1002 adepta,

172 1009 294 1057 Quod
325 1009 440 1049 laeta
472 1011 514 1049 et
545 1008 666 1062 pueri
698 1008 829 1049 comis
863 1008 916 1049 ad
948 1007 1152 1061 effigiem:

112 1068 335 1109 Reddebas
368 1081 517 1108 uerum
548 1081 631 1107 non
668 1067 990 1108 dissimulanter
1022 1066 1250 1119 ephebum,
1439 1076 1458 1106 5

171 1127 289 1167 More
320 1125 460 1166 uirum
493 1125 667 1166 medicis
701 1126 864 1166 artibus
898 1125 1132 1179 experiens.

111 1184 302 1226 Feminei
335 1198 460 1225 sexus
495 1184 638 1225 odium
670 1185 750 1225 tibi
784 1198 950 1237 semper
982 1187 1024 1224 et
1056 1183 1153 1224 inde

171 1243 319 1285 Creuit
350 1243 528 1284 deuotae
561 1243 823 1298 uirginitatis
856 1257 988 1283 amor.

113 1302 229 1352 Quae
261 1301 343 1342 tibi
375 1305 573 1356 septenos
605 1303 753 1343 nouies
789 1305 854 1343 est
885 1302 999 1343 culta
1030 1315 1106 1354 per
1139 1315 1274 1342 annos

172 1361 337 1416 Quique
370 1361 464 1402 aeui
496 1361 612 1414 finis7
644 1361 735 1415 ipse
767 1360 1009 1416 pudicitiae,
1417 1370 1459 1401 10

113 1420 248 1475 Haec,
279 1419 379 1474 quia
410 1420 472 1460 uti
504 1423 639 1461 mater
672 1420 846 1461 monitis
880 1423 921 1460 et
954 1434 1096 1460 amore
1130 1418 1324 1473 fouebas‚

172 1478 392 1533 Supremis
424 1478 553 1519 reddo
586 1479 699 1520 filius
733 1479 934 1533 exequiis.

44 1619 114 1652 [166]
160 1607 238 1642 VII.
279 1605 344 1641 CL.
374 1605 663 1641 CONTEMTVS
689 1605 752 1640 ET
779 1606 938 1640 IVLIVS
967 1605 1216 1640 CALLIPPIO
1244 1605 1434 1640 PATRVI.

112 1678 171 1720 Et
201 1681 397 1733 patruos,
430 1679 593 1733 elegea,
625 1693 741 1720 meos
775 1679 1045 1720 reminiscere
1079 1679 1227 1719 cantu:

173 1736 466 1791 Contemtum,
497 1737 626 1779 tellus
660 1753 785 1792 quem
818 1737 1039 1791 Rutupina
1072 1737 1191 1792 tegit.

210 1845 229 1875 6
256 1841 341 1875 nibe
376 1842 410 1875 V
498 1846 516 1876 7
542 1844 690 1886 promta
720 1841 754 1875 V
835 1845 854 1876 8
882 1841 986 1876 abuit
1016 1841 1050 1875 V
1131 1845 1151 1875 9
1179 1842 1217 1876 et
1241 1852 1300 1876 me
1327 1842 1457 1886 Peiper

114 1888 269 1923 haema-e
301 1888 336 1922 V
358 1889 450 1923 haec
476 1900 535 1923 me
562 1889 733 1934 Lu‘qdun.
835 1894 874 1923 12
902 1900 1018 1924 uerna
1042 1888 1144 1923 locor
1175 1888 1210 1922 V

208 1947 260 1981 VI
296 1959 416 1981 ILARIA
447 1948 482 1981 V
507 1950 510 1990 Ι
539 1961 678 1983 DEVOTA
703 1949 738 1991 (E
765 1949 811 1982 αῖ.
838 1949 879 1982 in
903 1950 991 1993 ras.)
1027 1948 1060 1982 V
1155 1952 1173 1982 2
1202 1948 1336 1983 affectu
1370 1947 1404 1981 V

116 1997 135 2028 3
161 1993 246 2028 ilari
281 1995 314 2028 V
393 1998 412 2029 5
440 1996 599 2040 epebum
625 1995 664 2039 (h
690 1996 773 2030 olim
798 2006 842 2030 ss.
867 1999 948 2040 post
974 1997 1127 2039 erasum)
1162 1995 1196 2029 V
1266 1999 1286 2030 8
1313 1996 1459 2041 desuote

116 2042 145 2083 (t
164 2042 221 2076 uel
242 2054 257 2076 s
279 2043 382 2085 eras.)
411 2042 443 2075 V
525 2047 544 2077 9
566 2053 660 2086 quae
681 2043 851 2086 Lapydun.
879 2054 953 2087 qua
979 2043 1013 2076 V
1032 2046 1035 2085 Ι
1058 2043 1199 2088 nobiles
1226 2044 1282 2077 est
1308 2044 1338 2087 (s
1357 2053 1460 2084 eras„

116 2089 173 2122 est
198 2099 240 2122 ex
260 2100 348 2123 corr.
373 2090 433 2132 al„
460 2089 566 2124 nobis
594 2091 691 2124 esset
719 2090 766 2123 1⁷¹
792 2094 815 2123 t.
837 2090 1040 2134 Selesenklz'o)
1070 2090 1103 2123 V
1176 2094 1218 2124 10
1242 2089 1385 2134 puditie
1415 2089 1460 2123 V¹

165 2139 205 2168 11
233 2137 274 2170 ut
308 2136 341 2169 V
365 2147 455 2171 corr.
479 2136 652 2182 Luydmz.
677 2139 681 2181 l
710 2137 864 2172 fobebas
896 2137 931 2171 V
1026 2142 1066 2171 12
1095 2136 1303 2182 suppl-emis
1337 2137 1371 2170 V

210 2194 279 2227 VII
315 2186 469 2230 cortus
503 2196 537 2229 V
565 2209 762 2231 commwvs
789 2196 960 2241 Luydmz.
985 2197 988 2240 Ι
1013 2208 1171 2231 CALIPPIO
1204 2195 1239 2230 V
1333 2199 1350 2228 1
1378 2206 1460 2239 par-

116 2251 183 2275 uos
207 2240 242 2274 V
263 2252 352 2276 corr.
374 2242 545 2287 chyclmz.
576 2246 581 2288 1
610 2245 737 2279 cantus
762 2243 797 2278 V
817 2254 906 2280 corr.
930 2244 1103 2288 Luyclzm.
1184 2248 1202 2277 ⁵2
1232 2243 1461 2277 contemtum

125 2287 159 2321 V
184 2288 185 2332 ]
216 2289 442 2334 ruptupinna
470 2290 500 2324 V

189 2352 362 2379 Avsoxzvs.
1229 2354 1248 2382 3
