1563 2511
612 33 928 74 —178—

92 143 291 196 Namque
323 140 369 181 111
401 140 573 181 iubente
604 139 728 181 Delio
761 153 828 180 me
861 138 1076 193 legerant,

96 201 217 250 Quod
251 200 323 241 ille
356 213 511 240 munus
543 198 624 240 hoc
657 197 843 253 sapienti
876 198 1063 238 miserat.

93 260 188 315 Ego
221 272 423 300 recusans
455 271 541 298 non
572 257 712 311 recepi
745 259 788 298 et
819 255 983 297 reddidi

94 318 335 360 Ferendum
369 317 421 358 ad
455 316 580 370 alios,
612 330 718 370 quos
751 315 918 369 priores
951 314 1176 355 crederem.

93 377 204 418 Dein
236 391 311 431 per
343 390 491 418 omnes
526 377 689 430 septem
723 374 936 429 sapientes
969 373 1085 414 uiros
1377 383 1445 414 170

93 436 274 477 Μ15511111
307 449 356 476 30
387 434 613 475 remissum
645 448 792 474 rursus
826 432 877 473 ad
911 446 979 473 me
1012 431 1225 482 deferunt,

92 494 188 549 Ego
221 495 441 547 receptum
474 493 719 534 consecraui
752 491 965 545 Apollini3
1412 503 1447 526 10

93 551 208 594 Nam
242 552 278 594 si
311 553 548 606 sapientem
581 551 713 606 deligi
746 550 944 591 Phoebus
978 550 1115 603 iubet,

92 611 194 653 Non
224 611 444 653 hominem
477 624 751 664 quemquam,
789 612 854 650 set
888 609 1013 650 deum
1047 608 1159 649 credi
1192 607 1324 649 decet.

92 670 134 711 Is
167 670 302 725 igitur
335 683 413 724 ego
448 683 553 710 sum.
605 683 733 709 causa
766 670 831 708 set
865 669 908 708 in
941 681 1140 709 scaenam
1171 667 1255 708 fuit
1380 677 1444 707 175

92 728 200 769 Mihi
232 728 484 782 prodeundi,
517 741 624 781 quae
657 727 823 767 duobus
857 729 955 767 ante
988 740 1072 780 me,

93 785 303 828 Adsertor
336 790 384 827 ut
417 786 654 827 sententiae
688 785 835 825 fierem
866 799 997 826 meae.
1416 794 1448 818 15

93 845 160 887 Ea
192 845 454 899 displicebit,
486 859 571 886 non
604 847 750 885 tamen
781 843 1084 898 prudentibus,

95 903 212 952 Quos
246 903 390 944 docuit
421 918 523 944 usus
556 905 598 943 et
630 902 791 956 peritos
825 901 1018 943 reddidit.

92 961 162 1003 En
195 959 350 1016 ἐγγύα,
383 959 500 1015 πάρα
533 958 574 1002 δ’
611 958 708 1016 ἄτα,
741 975 890 1014 graece
923 961 1119 1002 dicimus:
1381 971 1446 1001 180

94 1020 298 1062 Latinum
330 1023 412 1062 est:
445 1021 624 1074 sponde,
658 1035 771 1062 noxa
804 1022 868 1060 set
900 1022 1071 1073 praesto
1103 1020 1195 1061 tibi.

93 1079 175 1120 Per
206 1080 322 1121 mille
354 1094 526 1132 possem
559 1094 727 1120 currere
760 1079 972 1132 exempla,
1005 1082 1052 1120 ut
1083 1079 1259 1132 probem
1416 1089 1449 1114 20

95 1138 278 1179 Praedes
312 1138 527 1192 uadesque
559 1137 850 1192 paenitudinis
884 1152 997 1191 reos,

95 1195 176 1238 Sed
207 1197 307 1238 nolo
341 1211 597 1250 quemquam
629 1196 885 1237 nominatim
921 1196 1070 1238 dicere.

95 1254 186 1296 Sibi
221 1255 398 1309 quisque
431 1258 622 1296 uestrum
655 1255 769 1295 dicat
802 1257 843 1295 et
876 1269 1019 1295 secum
1051 1258 1191 1308 putet,
1382 1264 1447 1295 185

191 1409 256 1439 170
289 1405 396 1439 ibid:
442 1405 687 1450 deincepsque
732 1416 797 1448 pei·
833 1406 996 1440 omnium
1036 1407 1179 1448 septem
1219 1405 1447 1449 sapientium

93 1452 221 1486 orbem
248 1453 293 1486 ad
320 1452 493 1486 ultimum
521 1453 568 1486 ad
598 1453 768 1487 Solonem
797 1453 978 1496 peruenit.

91 1581 277 1625 Apollinis
310 1581 497 1625 tripodem
524 1583 688 1616 aureum’
719 1582 878 1627 Scaliyer
979 1586 1044 1617 166
1071 1582 1220 1617 iuuente
1251 1582 1286 1616 V
1381 1585 1446 1616 167

91 1627 155 1663 1116
176 1639 242 1663 om.
258 1640 286 1673 p
358 1632 423 1663 168
444 1628 559 1674 recipi
588 1629 666 1673 V¹p
743 1633 809 1663 170
830 1630 981 1664 homnes
1006 1629 1052 1662 V¹
1128 1634 1191 1664 171
1214 1640 1256 1663 ac
1279 1629 1448 1674 Vyoletus

90 1675 161 1710 hac
194 1675 242 1709 Vl
267 1677 307 1710 at
333 1676 391 1718 ΡΙ
416 1676 585 1710 deferunt
611 1676 647 1710 P
668 1675 831 1710 referant
857 1676 888 1720 (f
909 1688 951 1711 eoe
977 1677 1032 1720 r‘?)
1067 1676 1101 1710 V
1209 1680 1274 1710 172
1303 1675 1445 1720 apolini

92 1722 129 1757 P
151 1722 317 1766 apolloni
346 1723 394 1757 V¹
494 1727 558 1758 173
587 1723 634 1768 51]
662 1724 720 1757 1115
745 1724 803 1766 Pl
827 1723 1055 1768 diligi—174
1081 1723 1268 1758 hominem
1295 1733 1360 1757 om.
1387 1722 1444 1768 Vl

91 1768 216 1814 diligit
235 1770 366 1814 plebus
386 1770 422 1804 P
439 1781 529 1805 corr.
554 1770 719 1816 Vyoletus
788 1774 855 1805 174
876 1771 947 1816 set]
975 1770 1020 1804 V¹
1102 1774 1166 1805 175
1187 1770 1253 1805 His
1273 1770 1388 1815 igitur
1416 1769 1451 1804 V

92 1816 125 1849 Is
153 1816 216 1860 qui
242 1817 301 1860 ΡΙ
325 1818 395 1862 set]
431 1817 475 1850 V¹
500 1819 504 1861 Ι
528 1828 675 1852 scenam
707 1817 781 1851 VP
876 1822 939 1852 176
967 1818 1054 1852 mici
1083 1818 1115 1852 V
1137 1817 1230 1852 mihi
1255 1817 1314 1860 P}
1337 1816 1445 1861 prod-

91 1875 176 1909 efidi
210 1874 266 1918 V!
290 1875 448 1910 duobus:
488 1879 553 1911 aut
578 1876 698 1910 tribus
726 1877 911 1921 leyemlum
937 1880 1002 1912 aut
1025 1880 1108 1911 aute
1137 1876 1343 1911 Cleobulum
1363 1886 1446 1920 per-

90 1932 214 1956 sonam
238 1922 397 1957 Thaletis
416 1924 631 1958 reiciendam
657 1927 771 1958 censet
791 1924 1002 1966 Accursius,
1022 1924 1208 1966 ferendum
1228 1927 1343 1958 censet
1357 1924 1445 1958 Sca·

91 1970 181 2014 qucr
195 1971 286 2011 2,2‚·
306 1981 355 2003 cm
376 1970 612 2005 doctoribus?
685 1974 749 2004 177
766 1971 949 2016 adsertor]
973 1971 1007 2004 V
1026 1972 1031 2014 Ι
1053 1975 1152 2005 meae
1168 1972 1214 2006 αῖ.
1230 1981 1321 2005 corr.
1343 1970 1444 2005 Vme

91 2016 140 2050 Ps
216 2019 282 2050 178
304 2016 515 2060 displiceuit
538 2017 583 2050 Vl
660 2021 726 2051 180
742 2018 795 2051 En
811 2019 992 2059 Schenkel,
1010 2030 1075 2053 om.
1100 2018 1174 2052 VP
1189 2017 1267 2052 Nos
1282 2018 1446 2062 Scaliger

90 2067 128 2106 2,
142 2067 167 2098 2
192 2064 196 2107 Ι
219 2074 339 2107 eng'ya
359 2063 392 2097 V
408 2064 517 2108 engia
532 2065 568 2098 P
586 2066 590 2108 1
614 2075 704 2108 para
725 2065 813 2099 data
836 2065 869 2097 V
884 2064 1057 2108 pai-adita
1070 2065 1106 2098 P
1126 2066 1130 2109 Ι
1154 2075 1283 2108 graece
1303 2065 1444 2108 Peiper,

91 2121 175 2145 ecce
200 2110 232 2143 V
255 2111 327 2145 &ce
348 2111 384 2145 P
457 2115 521 2145 181
550 2122 645 2146 noxa
670 2113 816 2155 praesto
844 2111 912 2146 tibi
939 2114 995 2146 est
1023 2111 1097 2145 VP
1113 2123 1202 2147 corr.
1227 2112 1358 2155 Peiper
1379 2113 1444 2155 (an

90 2168 188 2192 noxa
214 2160 269 2192 set
293 2169 401 2201 praes
428 2160 485 2193 est
510 2158 581 2193 tibi
607 2162 648 2192 ut
673 2170 708 2193 u.
737 2158 826 2202 703)
926 2162 992 2193 182
1022 2169 1169 2203 possem
1199 2158 1272 2192 VP
1293 2169 1443 2203 possum

99 2205 264 2250 Vyoletus
364 2209 430 2240 184
466 2205 684 2239 nominatim
713 2216 935 2249 quemquam
963 2205 1035 2239 VP
1071 2217 1159 2240 corr.
1189 2217 1215 2249 p
1254 2206 1444 2240 Auantc'us

92 2254 188 2286 1507
240 2255 306 2287 185
321 2252 391 2286 51111
410 2253 453 2285 V¹
473 2254 476 2298 Ι
495 2252 691 2296 quisquam
710 2253 746 2286 P
761 2254 764 2296 1
782 2254 944 2287 uestrum
964 2253 1129 2297 Vyoletns
1144 2264 1269 2287 uerum
1288 2253 1321 2285 V
1332 2253 1392 2286 11111
1409 2252 1446 2287 Ρ
