1563 2511
626 56 944 98 -288—

111 159 230 216 Ergo
263 175 405 202 meum
437 161 685 217 patriaeque
717 162 843 203 decus
877 162 1155 217 columenque
1188 163 1327 205 senati

113 219 288 261 Birbilis
322 222 396 260 aut
426 219 607 262 haerens
640 221 827 275 scopulis
860 219 1106 275 Calagorris
1139 222 1336 276 habebit,

112 279 202 320 Aut
234 293 343 333 quae
375 278 550 320 deiectis
582 279 684 334 iuga
714 293 792 333 per
825 293 1031 334 scruposa
1061 280 1197 321 ruinis

111 337 248 378 Arida
282 339 518 379 torrentem
551 336 733 379 Sicorim
765 338 987 392 despectat
1017 337 1229 380 Hilerda?

111 395 194 437 Hic
225 396 439 452 trabeam,
469 396 664 450 Pauline,
697 399 815 437 tuam
849 396 1103 451 Latiamque
1135 397 1320 439 curulem
1415 409 1459 440 60

111 453 353 496 Constituis
385 456 631 510 patriosque
663 455 763 497 istic
796 455 998 510 sepelibis
1030 455 1247 497 honores?

112 511 215 562 Quis
247 515 394 555 tamen
425 514 508 555 iste
539 514 619 555 tibi
651 517 741 555 tam
773 514 904 569 longa
937 514 1110 555 silentia
1142 515 1279 556 suasit

109 571 302 625 Impius?
353 575 402 613 ut
433 573 575 614 nullos
607 573 676 614 hic
708 587 860 615 uocem
891 571 1035 615 uertat
1065 574 1111 614 in
1142 587 1264 627 usus,

111 629 279 672 Gaudia
309 645 397 672 non
428 631 552 672 illum
583 633 805 686 uegetent,
835 647 922 674 non
955 632 1096 673 dulcia
1127 634 1277 673 uatum

110 687 332 743 Carmina,
363 704 451 731 non
482 690 667 732 blandae
699 690 938 732 modulatio
970 690 1078 732 flexa
1111 691 1341 744 querellae,
1416 702 1460 732 65

107 746 209 789 Non
242 748 350 802 fera,
381 762 470 789 non
502 748 623 789 illum
655 748 858 802 pecudes,
889 763 976 790 non
1006 749 1192 791 mulceat
1225 750 1330 804 ales,

108 805 206 848 Non
240 821 347 861 quae
379 809 600 860 pastorum
632 808 923 848 nemoralibus
957 807 1104 849 abdita
1135 808 1244 849 lucis

109 864 282 906 Solatur
312 868 484 907 nostras
518 866 622 908 echo
654 869 849 908 resecuta
879 866 1104 921 loquellas.

107 923 284 979 Tristis,
316 938 447 979 egens
481 924 650 966 deserta
682 925 798 966 colat
828 925 1072 980 tacitusque
1104 928 1294 979 pererret

106 982 280 1036 Alpinis
313 997 474 1025 conexa
505 983 639 1038 iugis,
672 998 748 1025 ceu
780 984 938 1025 dicitur
971 984 1075 1025 olim
1415 995 1458 1026 70

106 1040 263 1082 Mentis
296 1041 422 1096 inops
455 1044 601 1084 coetus
632 1042 857 1084 hominum
889 1046 932 1084 et
963 1043 1149 1097 uestigia
1180 1043 1324 1084 uitans

106 1100 220 1140 Auia
252 1100 540 1154 perlustrasse
573 1114 711 1155 uagus
744 1102 840 1143 loca
871 1101 1239 1155 Bellerophontes.

203 1242 246 1273 70
262 1250 340 1283 sqq.
371 1238 498 1273 Cicero
525 1238 629 1274 Tusc.
656 1239 707 1273 ΠΙ
734 1243 796 1282 26,
825 1243 869 1274 63
903 1239 966 1283 qui
991 1240 1101 1274 miser
1127 1239 1165 1274 in
1192 1239 1334 1285 campis
1359 1251 1458 1275 mae-

105 1287 374 1367 rlqun‘errabat
405 1285 525 1329 Aleis,
558 1286 638 1330 ipse
673 1298 777 1321 suum
812 1297 874 1321 cor
907 1286 1037 1330 edens,
1073 1286 1266 1322 hominum
1297 1286 1459 1332 uestigia

200 1455 244 1485 56
272 1450 390 1485 senati
417 1450 621 1494 a(V¹)BT
645 1451 787 1486 saenati
814 1452 854 1485 H
877 1453 1026 1486 senatus
1059 1450 1143 1486 V2S
1240 1454 1282 1486 57
1308 1451 1455 1487 birbilis

113 1497 190 1532 VH
197 1498 218 1543 β
244 1497 385 1532 bilbilis
406 1497 483 1532 PT
503 1500 507 1541 Ι
539 1498 631 1532 haut
656 1498 715 1544 ΡΙ
737 1499 868 1533 herens
893 1498 971 1532 VH
979 1498 1011 1532 T
1029 1501 1033 1542 Ι
1057 1498 1259 1543 calagorris
1285 1499 1325 1533 H
1341 1499 1454 1544 scala-

103 1544 203 1589 goris
224 1545 260 1579 B
286 1546 315 1590 (s
336 1547 442 1589 eras.)
470 1544 662 1590 caligorris
682 1545 742 1590 ΡΙ
771 1545 899 1580 abebit
925 1545 971 1580 V¹
997 1545 1143 1580 habebf
1164 1547 1203 1579 Π
1225 1546 1389 1580 habebat
1408 1546 1458 1580 ps

152 1606 196 1637 58
224 1604 290 1638 aut
314 1603 427 1649 quae]
454 1605 567 1648 atque
593 1603 623 1638 S
718 1608 762 1638 59
790 1603 914 1638 arrida
943 1604 976 1638 T
1002 1605 1006 1648 Ι
1037 1594 1216 1639 ωτι-ἔτεσι
1249 1604 1284 1638 V
1307 1615 1454 1639 curren—

102 1652 180 1685 tem
199 1650 232 1685 T
249 1651 254 1695 Ι
278 1651 425 1686 sicorim
439 1651 508 1685 aT
532 1650 687 1686 secorim
702 1652 742 1685 H
765 1652 959 1697 securim&
981 1653 986 1695 Ι
1016 1650 1161 1686 hilerda
1175 1664 1199 1685 α
1226 1651 1371 1695 (hlerda
1392 1651 1454 1696 V¹)

100 1721 220 1755 fierda
246 1722 313 1766 Πβ
388 1725 432 1756 eo
458 1720 551 1756 1atia
576 1721 636 1763 P!
659 1706 822 1755 cgrulem
850 1721 884 1755 V
907 1721 1058 1757 curules
1081 1724 1118 1756 Π
1191 1725 1233 1756 61
1261 1722 1401 1767 patries
1421 1723 1457 1757 P

104 1768 108 1813 Ι
139 1767 208 1803 stie
241 1768 286 1802 V¹
322 1768 397 1804 ista
422 1770 462 1803 H
557 1771 600 1802 62
626 1768 697 1803 iste
724 1768 881 1802 αΠΒΤ
911 1769 983 1803 ista
1009 1768 1061 1815 S}
1095 1768 1190 1803 tibist
1217 1768 1251 1802 V
1278 1771 1283 1813 Ι
1319 1769 1452 1804 suasit:

100 1816 117 1849 t
136 1825 179 1849 ex
201 1826 216 1848 s
238 1826 296 1859 pr.
322 1815 354 1849 T
426 1819 469 1850 63
495 1814 630 1860 impios
656 1815 699 1850 8⁸
721 1817 726 1860 Ι
748 1816 807 1860 ut]
835 1818 873 1850 et
898 1816 926 1849 S
947 1818 951 1859 Ι
974 1816 1096 1850 nullus
1118 1815 1197 1850 ΠΒ
1271 1820 1315 1851 64
1341 1817 1453 1861 116ςέ-

99 1863 182 1896 tent
210 1861 247 1895 P
281 1863 436 1907 uegetet
461 1862 511 1897 Pe
546 1862 713 1897 ueietent
738 1863 774 1897 B
810 1864 814 1906 Ι
855 1873 986 1897 uarum
1012 1863 1049 1897 P
1141 1867 1186 1897 65
1212 1863 1371 1898 ulandae
1405 1863 1452 1898 V¹

100 1908 247 1943 blandis
274 1909 317 1944 S⁸
339 1911 343 1953 Ι
366 1908 547 1956 quaerille
569 1912 607 1943 H
632 1910 804 1954 querelae
831 1910 853 1955 β
927 1915 970 1945 66
998 1910 1091 1955 ales]
1121 1920 1182 1945 aer
1204 1909 1237 1944 T
1308 1913 1351 1944 67
1378 1921 1450 1956 que

100 1965 167 1990 om.
195 1956 256 1998 (al.
281 1960 342 2000 ss.)
375 1956 421 1990 V¹
451 1958 455 2000 Ι
489 1956 743 1992 nomoralibus
770 1957 806 1991 P
832 1957 1127 1992 nemorabilibus
1154 1957 1183 1992 S
1210 1958 1215 2002 Ι
1250 1957 1388 1992 abdida
1415 1959 1455 1991 H

101 2002 232 2038 addita
256 2002 307 2036 B¹
343 2005 348 2046 Ι
382 2003 509 2038 lustris
538 2003 570 2037 T
666 2008 709 2039 68
737 2004 896 2038 solatum
924 2017 944 2038 n
971 2015 1013 2039 ex
1040 2018 1055 2038 s
1083 2004 1120 2038 P
1146 2006 1150 2048 Ι
1184 2005 1329 2039 nostras
1356 2004 1451 2039 &ore

101 2051 229 2084 secuta
255 2052 283 2084 S
307 2051 432 2085 nostra
460 2061 585 2085 secore
613 2052 742 2085 secuta
767 2050 802 2084 B
838 2053 985 2085 nostras
1014 2079 1199 2087 ......
1227 2053 1355 2086 secuta
1382 2052 1449 2095 (la-

101 2107 198 2132 cuna
216 2100 240 2131 6
260 2097 343 2141 litt.)
367 2097 424 2140 ΤΙ
448 2097 556 2143 echo]
584 2098 671 2132 etho
693 2097 780 2132 VPS
807 2099 863 2141 (th
883 2109 926 2133 esc
945 2099 962 2132 t
981 2109 1040 2142 pr.
1068 2098 1114 2142 V)
1138 2100 1141 2142 Ι
1164 2100 1358 2142 resequvta
1384 2098 1419 2133 V
1443 2098 1447 2144 Ι

100 2143 268 2188 loquelas
295 2144 358 2190 Ρβ
381 2147 384 2187 Ι
414 2144 562 2179 Solatur
587 2145 724 2179 tacitas
751 2144 869 2179 defixo
898 2147 1046 2189 pectore
1074 2156 1179 2180 curas
1207 2146 1247 2178 H
1317 2149 1361 2180 69
1389 2156 1449 2180 co—

99 2191 154 2225 las
181 2194 219 2225 H
255 2191 371 2236 (eulas
398 2192 479 2235 11¹⁸)
579 2194 623 2225 70
656 2191 791 2236 alpinis
825 2203 965 2226 conexa
1001 2195 1182 2236 (connexa
1211 2192 1263 2234 P)
1295 2191 1392 2236 iugis
1424 2205 1448 2226 α

100 2238 218 2282 alpini
245 2249 409 2274 conuexa
434 2239 512 2283 iugi
538 2240 576 2273 H
631 2238 723 2283 (iugi
749 2240 831 2283 om.)
857 2239 885 2273 S
982 2243 1023 2273 71
1053 2250 1117 2275 om.
1141 2239 1173 2272 T
1205 2240 1210 2282 Ι
1243 2238 1350 2273 inobs
1376 2241 1416 2273 H
1442 2239 1446 2285 Ι

102 2287 203 2319 cetus
230 2286 297 2319 aB
333 2287 338 2329 Ι
371 2285 535 2331 uertigia
691 2289 733 2320 72
772 2285 1014 2330 perlustrasse
1047 2285 1182 2331 uagus]
1220 2286 1450 2330 perlustrans
