1563 2511
590 51 907 92 —105—

78 156 290 206 Quattuor
321 155 396 196 illa
427 155 556 196 etiam
589 155 785 196 diseretis
820 156 1014 210 partibus
1048 157 1149 198 anni

137 213 331 256 Solstitia
363 216 405 254 et
436 213 552 254 luces
583 216 709 255 nocte
742 213 890 268 dieque
922 229 1060 268 pares.

76 273 166 315 Nee
198 272 475 327 Regifugium
507 273 643 326 pulsis
677 287 726 313 ex
758 273 862 313 urbe
894 274 1089 326 tyrannis

135 331 317 372 Laetum
349 331 556 372 Romanis
588 331 654 372 fas
686 331 863 372 reticere
896 330 1018 373 diem.

75 389 209 431 Visne
242 388 346 443 Opis
380 391 478 430 ante
511 404 679 431 sacrum
710 390 780 430 uel
813 388 1061 431 Saturnalia
1093 390 1231 431 dicam
1378 401 1419 432 15

134 448 345 502 Festaque
379 462 617 502 seruorum,
651 462 745 489 cum
777 448 1044 489 famulantur
1077 448 1166 489 eri‘?

75 507 134 548 Et
163 521 398 561 numquam
431 506 559 548 certis
590 507 814 548 redeuntia
844 506 958 548 festa
990 507 1155 559 diebus,

136 564 334 619 Compita
364 580 440 620 per
471 565 589 607 uicos
623 579 720 607 cum
754 581 831 607 sua
863 566 1039 620 quisque
1073 565 1208 607 colit?

74 625 164 666 Aut
196 624 408 678 duplicem
440 625 619 677 cultum,
653 638 777 678 quem
808 623 1073 679 Neptunalia
1106 624 1269 679 dicunt,

134 683 192 724 Et
224 697 349 737 quem
381 683 430 724 de
463 682 603 724 Conso
637 682 911 738 consiliisque
943 683 1130 725 uocant?
1376 694 1419 724 20

74 741 202 783 Festa
233 742 356 795 haec,
387 742 573 796 nauigiis
606 744 680 783 aut
712 756 820 796 quae
853 742 1067 783 celebrata
1099 741 1319 796 quadrigis

132 801 324 855 Iungunt
355 800 574 842 Romanos
607 800 895 855 finitimosque
929 801 1066 842 duces.

74 859 271 900 Adiciam
304 859 441 900 cultus
472 859 783 913 peregrinaque
817 874 939 901 sacra
971 860 1166 913 deorum,

133 918 337 959 Natalem
368 917 626 959 Herculeum
660 919 728 959 uel
760 918 866 960 ratis
900 918 1082 972 Isiacae,

74 976 164 1018 Nec
197 991 284 1018 non
314 977 467 1018 lasciui
498 976 685 1018 Floralia
717 977 832 1018 laeta
862 977 1041 1030 theatri,
1373 988 1417 1018 25

134 1035 250 1084 Quae
283 1038 475 1089 spectare
507 1035 675 1090 uolunt,
709 1036 782 1090 qui
814 1036 1003 1077 uoluisse
1035 1037 1207 1090 negant.

74 1093 198 1135 Nunc
232 1094 361 1135 etiam
393 1096 559 1135 ueteres
593 1094 865 1137 celebrantur
896 1094 1097 1148 Equirria
1129 1094 1235 1135 ludi:

133 1152 278 1193 Prima
308 1153 413 1194 haec
445 1152 665 1194 Romanus
697 1154 873 1194 nomina
906 1153 1041 1194 circus
1073 1153 1215 1194 habet.

73 1211 131 1252 Et
163 1210 444 1265 Dionysiacos
476 1211 600 1253 Latio
635 1212 887 1266 cognomine
918 1211 1040 1253 ludos

132 1270 272 1312 Roma
305 1270 422 1324 colit,
454 1269 581 1311 Liber
614 1285 721 1325 quae
754 1271 836 1312 sibi
868 1273 971 1312 uota
1004 1270 1129 1312 dicat.
1374 1281 1419 1312 30

73 1328 247 1370 Aediles
281 1329 410 1370 etiam
442 1329 557 1383 plebi
591 1329 833 1384 aedilesque
866 1330 1031 1371 curules

135 1387 264 1429 Sacra
297 1386 547 1442 Sigillorum
579 1389 752 1429 nomine
785 1389 899 1430 dicta
931 1388 1090 1429 colunt.

74 1446 132 1487 Et
165 1446 427 1501 gladiatores
459 1447 656 1487 funebria
686 1448 852 1501 proelia
883 1450 1033 1488 notum

133 1508 382 1546 Decertasse
413 1505 525 1547 foro:
558 1520 671 1547 nunc
705 1506 788 1547 sibi
820 1506 981 1548 harena
1014 1520 1112 1547 suos

74 1563 278 1605 Vindicat
313 1567 502 1605 extremo
534 1565 605 1618 qui
637 1565 723 1605 iam
756 1566 834 1606 sub
867 1565 950 1606 fine
983 1564 1234 1606 Decembris
1374 1575 1417 1606 35

133 1622 402 1677 Falcigerum
432 1624 607 1676 placant
640 1624 846 1678 sanguine
879 1623 1154 1678 caeligenam.

172 1778 212 1808 11
241 1774 401 1817 quatuor
428 1773 460 1807 V
480 1775 484 1818 Ι
507 1774 612 1808 annis
643 1773 678 1808 V
698 1785 788 1809 corr.
810 1775 984 1819 Luydun.
1085 1778 1127 1809 15
1154 1785 1242 1819 opes
1272 1773 1307 1807 V
1328 1783 1418 1808 corr.

76 1819 237 1866 Scaliyer
262 1823 301 1864 2,
321 1823 343 1855 3
430 1825 472 1855 16
499 1821 579 1856 heri
608 1820 643 1855 V
724 1826 766 1856 19
794 1821 1007 1866 dupplicem
1040 1821 1074 1855 V
1161 1825 1206 1855 24
1233 1820 1419 1855 erculenm

82 1867 129 1900 Vl
152 1869 156 1911 Ι
187 1868 279 1902 ratis
306 1867 427 1902 siacae
461 1868 495 1903 V
517 1879 607 1903 corr.
634 1868 806 1913 Luydun.
905 1873 948 1903 25
974 1868 1087 1903 teatri
1119 1869 1167 1903 V¹
1264 1871 1308 1902 28
1335 1868 1421 1902 abet

82 1914 128 1948 V¹
204 1919 246 1949 29
274 1914 495 1950 dionisiacos
529 1915 563 1949 V
633 1919 677 1949 30
704 1915 798 1950 liuer
831 1916 877 1950 V1
900 1920 903 1956 1
926 1915 997 1950 tibi
1023 1916 1175 1951 Schenkl
1200 1927 1279 1950 eum
1305 1915 1420 1949 Hein-

75 1963 128 1996 sio
220 1966 263 1996 31
291 1962 420 1996 aedilis
452 1962 507 2006 Vl
530 1962 632 2007 pleni
665 1962 710 1996 V¹
803 1967 846 1997 32
874 1963 954 1998 dita
986 1963 1020 1997 V
1101 1967 1145 1997 33
1171 1962 1291 2010 prelia
1318 1965 1351 2009 (e
1379 1973 1421 1996 ex

78 2019 95 2042 e
122 2009 184 2052 al.)
221 2009 252 2042 V
322 2013 367 2044 34
394 2020 505 2044 arena
539 2009 581 2042 V¹
659 2013 703 2044 36
730 2010 946 2055 sanguinem
980 2010 1025 2044 V1
1053 2012 1103 2053 (m
1131 2011 1243 2055 antiq.
1270 2021 1313 2044 m.
1340 2010 1420 2051 del.)
