1563 2511
117 2260 178 2306 V

640 19 955 60 —471—

651 191 736 226 XIII
763 191 934 227 LVDVS.

264 261 307 296 cf.
337 263 458 298 Sidon.
487 262 524 297 C.
551 263 584 297 II
613 266 678 298 156
706 274 783 307 sqq.
810 262 877 296 XV
904 267 946 297 42
976 275 1053 308 sqq.
1080 263 1200 298 XXIII
1228 267 1291 298 101
1321 276 1398 308 sqq.

216 312 234 342 1
263 308 406 345 Terent.
428 309 559 345 Heaut.
580 311 612 344 ll
636 315 664 353 1,
687 314 706 345 6
728 312 825 355 (218)
852 321 937 344 nam
964 312 1001 345 et
1028 311 1274 356 cognoscendi
1299 313 1336 346 et
1360 312 1466 357 igno-

265 357 390 392 scendi
416 357 564 392 dabitur
589 357 732 402 peccati
757 356 872 392 locus.

262 402 387 440 Cicero
420 415 487 449 pro
520 404 651 440 Roscio
681 409 716 449 1,
752 408 771 439 3
810 416 884 439 non
915 404 1025 439 modo
1063 405 1297 449 ignoscendi,
1336 416 1465 440 uerum

262 451 374 486 etiam
391 450 640 496 cognoscendi
654 451 880 486 consuetudo
900 451 975 486 iam
997 451 1040 486 de
1062 452 1213 487 ciuitate
1235 451 1382 487 sublata
1397 455 1465 489 est.

261 497 434 544 Appulei.
455 499 562 543 Apol.
585 501 627 533 65
648 498 758 542 idque
780 509 841 533 eos
868 498 1026 533 arbitror
1044 510 1117 534 non
1144 501 1219 534 tam
1247 499 1466 543 ignoscendi

262 556 373 588 quam
401 545 649 590 cognoscendi
675 557 787 580 causa
814 545 1033 581 desiderare.
1078 545 1225 580 Paulini
1252 557 1269 581 c
1296 546 1328 580 X
1354 546 1466 590 (infra

259 595 326 638 Ep.
346 592 494 637 XXXI),
517 597 582 628 136
603 604 675 637 quo
696 593 814 638 magis
839 593 982 638 ignosci
1001 592 1094 627 mihi
1120 593 1186 635 fas,
1213 594 1299 637 quia
1319 604 1465 639 promp-

258 641 334 675 tius
360 650 404 674 ex
428 640 499 675 hoc
525 640 678 684 agnosci
702 640 820 675 datur.

258 687 424 722 Marcell.
457 687 502 722 de
534 687 629 722 med.
658 691 701 722 69
729 687 965 733 agnoscenda
996 687 1116 732 magis
1150 687 1227 722 siue
1260 687 1466 723 exercenda

258 745 383 770 rearis.

213 781 233 813 9
260 781 401 826 Vergil.
429 781 471 818 G.
498 780 550 815 ΠΙ
578 785 642 816 186
670 783 820 827 plausae
848 780 1010 817 sonitum
1035 781 1188 816 ceruicis
1215 793 1349 818 amare.

193 829 236 860 10
262 828 401 873 Vergil.
429 827 470 863 G.
497 828 549 863 III
575 832 643 864 208
670 830 825 864 uerbera
850 829 952 864 lenta
978 828 1066 873 pati.

191 876 233 907 12
262 875 295 912 (l
320 875 416 910 Prof.
446 880 506 919 13,
532 886 547 912 3
586 887 664 911 esse
697 875 904 911 Aristarchi
934 875 1004 911 tibi
1043 875 1164 921 gloria
1196 875 1463 920 Zenodotique.

261 920 293 957 (I
320 923 363 957 cf.
391 923 458 968 Ep.
485 922 570 958 XIII
596 927 639 958 29
667 936 719 968 sq.

194 970 237 1001 14
264 968 296 1005 (I
322 969 441 1005 Praef.
466 970 536 1005 IIII
563 971 607 1005 ad
638 971 820 1006 Theodos.
848 974 891 1005 22
919 970 1029 1015 inque
1055 972 1146 1005 meis
1175 970 1291 1015 culpis
1320 970 1367 1004 da
1392 970 1464 1006 tibi

259 1018 302 1052 tu
328 1016 488 1052 ueniam.

191 1064 233 1095 15
261 1064 304 1099 cf.
332 1064 542 1099 Terentian.
593 1069 660 1100 313
688 1077 766 1110 sqq.
795 1069 863 1100 324
890 1075 967 1109 sqq.

191 1111 234 1142 18
262 1110 402 1146 Statius
422 1111 455 1147 S.
478 1112 511 1145 II
530 1124 583 1157 pr.
606 1123 677 1148 ex.:
705 1114 735 1147 si
761 1112 831 1147 tibi
857 1123 931 1147 non
953 1111 1220 1156 displicuerint,
1246 1122 1267 1146 a
1286 1112 1323 1146 te
1343 1111 1466 1156 publi-

262 1170 343 1193 cum
372 1158 574 1204 accipiant3
601 1160 631 1195 si
657 1161 790 1203 minus,
817 1159 865 1194 ad
890 1169 948 1194 me
974 1160 1218 1194 reuertantur.

262 1203 294 1240 (l
321 1204 435 1241 Cento
467 1218 520 1251 pr.
548 1217 620 1243 ex:
655 1208 697 1242 ut
725 1234 731 1241 .
759 1237 765 1243 .
798 1205 953 1241 redeant
984 1217 1111 1241 uersus
1143 1206 1240 1240 unde
1272 1207 1465 1242 uenerunt.

188 1253 231 1284 20
258 1251 353 1286 Plin.
380 1265 412 1288 n.
440 1254 474 1289 h.
503 1253 535 1287 II
565 1258 630 1289 119
659 1256 785 1289 secuta
811 1256 924 1288 aetas.

189 1300 232 1331 23
261 1297 450 1335 Cornelius
477 1301 569 1346 Nep.
597 1314 649 1346 pr.
678 1305 697 1336 5
734 1300 879 1346 magnis
916 1300 954 1334 in
993 1299 1164 1334 laudibus
1202 1300 1241 1334 in
1275 1302 1357 1335 tota
1394 1300 1466 1335 fuit

262 1346 418 1382 Graecia
437 1347 616 1383 uictorem
631 1348 826 1394 Olympiae
847 1347 965 1382 citari.
992 1346 1031 1381 in
1051 1358 1199 1382 scenam
1216 1358 1303 1382 uero
1317 1348 1465 1392 prodire

260 1395 298 1429 et
328 1395 466 1439 populo
500 1406 578 1430 esse
611 1395 823 1441 spectaculo
856 1394 995 1429 nemini
1027 1395 1065 1429 in
1099 1394 1266 1429 eiusdem
1291 1394 1465 1439 gentibus

259 1440 330 1475 fuit
354 1441 589 1487 turpitudini.
616 1454 711 1488 quae
747 1442 869 1478 omnia
901 1441 1000 1486 apud
1032 1446 1097 1476 nos
1130 1442 1267 1486 partim
1298 1441 1466 1487 infamia,

260 1488 397 1532 partim
422 1489 581 1524 humilia
606 1493 721 1535 atque
749 1490 794 1524 ab
819 1489 1015 1524 honestate
1040 1489 1184 1524 remota
1209 1490 1405 1533 ponuntur.

189 1535 235 1567 24
262 1535 304 1570 cf.
332 1535 412 1571 Liu.
440 1539 501 1580 24,
535 1541 580 1571 24
617 1548 684 1572 nec
725 1548 799 1579 ars,
838 1536 928 1580 quin
964 1536 1019 1570 nil
1053 1536 1127 1570 tale
1168 1536 1265 1580 apud
1305 1534 1466 1572 Graecos

260 1582 392 1627 pudori
418 1584 485 1627 est,
512 1595 557 1619 ea
583 1584 827 1619 deformabat.

190 1629 235 1661 34
261 1628 421 1665 Gallius:
448 1630 492 1666 cf.
517 1631 697 1666 Asconius
724 1631 761 1666 in
787 1632 878 1666 orat.
907 1630 943 1665 in
969 1630 1060 1674 toga
1086 1629 1243 1665 candida
1262 1642 1296 1675 p.
1320 1633 1364 1665 88
1385 1630 1463 1666 Or.:

262 1676 303 1718 Q.
324 1676 488 1712 Gallium
509 1679 714 1723 significare
740 1677 904 1720 uidetur;
932 1676 992 1712 hic
1019 1677 1117 1712 enim
1137 1688 1220 1712 cum
1242 1680 1339 1712 esset
1358 1688 1467 1722 prae-

260 1727 365 1759 turae
391 1725 627 1770 candidatus,
656 1725 753 1769 quod
779 1725 817 1759 in
843 1724 1054 1767 aedilitate,
1080 1735 1191 1768 quam
1217 1725 1301 1759 ante
1328 1735 1466 1759 annum

260 1773 442 1816 gesserat,
468 1773 605 1808 bestias
637 1784 710 1808 non
741 1772 939 1815 habuerat,
972 1771 1076 1806 dedit
1106 1771 1373 1816 gladiatorium
1399 1772 1467 1807 sub

260 1818 370 1853 titulo
398 1819 497 1863 patri
523 1831 560 1854 se
586 1820 624 1854 id
650 1820 747 1854 dare.

190 1865 234 1897 39
263 1864 295 1901 (Ξ
321 1864 438 1901 Urbes
465 1870 509 1901 39
535 1867 669 1902 inclusi
696 1866 810 1902 moles
838 1867 995 1900 cuneata
1020 1865 1168 1900 theatri.

262 1909 294 1946 (I
320 1912 387 1947 Est
413 1914 451 1948 et
475 1925 549 1948 non
577 1918 617 1948 11
647 1913 792 1954 cuneati
818 1912 902 1947 hinc
928 1912 1008 1947 lata
1031 1912 1169 1947 theatri
1196 1912 1338 1948 sedit-io.

191 1959 235 1991 40
264 1957 381 1994 Tacit.
411 1961 451 1995 A.
478 1961 582 1996 XIIII
609 1964 652 1995 20
686 1963 790 1995 erant
817 1961 879 2004 qui
906 1959 967 1995 Cn.
996 1970 1142 2004 quoque
1168 1959 1385 2005 Pompeium
1410 1960 1465 1995 in-

262 2008 428 2041 cusatum
468 2020 490 2043 a
527 2008 732 2044 senioribus
765 2007 919 2050 ferrent,
959 2007 1056 2051 quod
1088 2018 1297 2042 mansuram
1330 2007 1468 2042 theatri

262 2054 386 2088 sedem
405 2055 600 2099 posuisset.
620 2067 705 2090 nam
726 2056 835 2089 antea
856 2053 1045 2089 subitariis
1066 2053 1243 2098 gradibus
1271 2055 1307 2089 et
1334 2065 1468 2090 scaena

261 2099 299 2135 in
324 2103 470 2146 tempus
498 2103 638 2138 structa
663 2103 768 2137 ludos
795 2102 855 2136 edi
881 2100 1020 2136 solitos

191 2149 236 2179 46
263 2148 383 2183 Plaut.
405 2148 502 2186 Trin.
523 2151 615 2195 prol.
640 2153 681 2185 17
709 2160 813 2185 senes
841 2149 903 2192 qui
930 2149 1001 2183 huc
1026 2148 1189 2191 uenient,
1216 2147 1228 2182 i
1254 2159 1332 2183 rem
1360 2148 1466 2183 uobis

262 2196 437 2239 aperient.

263 2242 425 2287 (Terent.
446 2244 513 2279 Ad.
535 2248 578 2279 22
606 2255 709 2279 senes
737 2244 800 2288 qui
826 2243 936 2289 primi
962 2243 1123 2286 uenient,
1152 2242 1185 2277 ei
1211 2244 1354 2287 partem
1381 2253 1466 2287 ape-

261 2289 369 2335 rient,
394 2291 432 2326 in
459 2292 602 2337 agendo
629 2293 772 2336 partem
801 2290 1022 2335 ostendent).
