1563 2511
644 88 959 130 —242—

338 192 465 235 Hunc
497 207 642 234 rursus
675 193 899 249 Augustus
931 193 1050 249 prior

340 251 437 293 Suis
469 254 676 306 perennet
706 253 906 294 fascibus.

339 309 551 353 Subnecte
585 317 626 353 et
656 311 765 353 illud
797 312 968 353 leniter:

339 369 592 425 „Apologos
625 384 677 411 en
708 371 828 412 misit
859 370 941 412 tibi

339 429 406 470 Ab
440 443 572 483 usque
603 428 744 470 Rheni
777 429 914 470 limite
1429 439 1474 470 75

339 488 575 541 Ausonius,
605 502 761 530 nomen
794 487 972 542 Italum,

338 546 598 601 Praeceptor
631 545 819 601 Augusti
850 546 931 600 tui,

340 605 575 659 Aesopiam
606 605 884 658 trimetriam,

339 664 478 714 Quam
509 663 641 705 uertit
673 663 774 704 exili
807 663 906 704 stilo

339 722 540 764 Pedestre
574 722 834 764 concinnans
868 736 974 776 opus
1431 735 1475 767 80

337 781 476 823 Fandi
508 780 704 822 Titianus
737 781 908 835 artifex,

338 839 399 881 Vt
430 840 529 881 hinc
563 840 632 881 aui
664 854 713 882 ac
744 840 884 894 patris
918 839 1066 895 decus,

338 898 474 941 Mixto
507 913 734 954 resurgens
767 898 996 953 sanguine,

338 958 554 999 Probiano
586 957 774 1012 itemque
810 957 978 1012 Anicio,

336 1016 398 1058 Vt
431 1016 650 1071 quondam
681 1017 726 1058 in
757 1016 897 1058 Albae
930 1017 1155 1059 moenibus
1430 1029 1474 1061 85

339 1075 572 1129 supremus
603 1075 749 1117 Aenea
781 1078 900 1117 satus

338 1135 497 1176 Siluios
529 1134 636 1176 Iulis
670 1134 859 1187 miscuit,

338 1192 408 1235 Sic
440 1194 540 1246 iste,
573 1193 646 1247 qui
676 1196 804 1234 natus
836 1193 919 1247 tui,

337 1252 437 1294 Flos
470 1253 743 1294 flosculorum
774 1251 969 1306 Romuli,

336 1310 529 1352 Nutricis
562 1311 676 1352 inter
708 1311 915 1352 lemmata
1430 1323 1474 1354 90

336 1369 536 1424 Lallique
569 1370 826 1412 somniferos
861 1369 1010 1411 modos

339 1427 516 1470 Suescat
546 1429 709 1483 peritus
741 1428 900 1470 fabulis

338 1486 471 1529 Simul
504 1491 546 1528 et
578 1488 712 1529 iocari
744 1490 787 1528 et
819 1486 1019 1529 discere.“

337 1546 418 1587 His
452 1546 558 1587 adde
591 1549 760 1600 uotum,
794 1546 906 1601 quod
939 1547 1011 1600 pio

338 1604 624 1659 Concepimus
656 1607 718 1647 rei
750 1605 845 1647 deo:
1428 1617 1472 1649 95

219 1725 263 1756 85
285 1732 363 1765 sqq.
404 1721 456 1756 Cf.
484 1721 625 1766 Vergil.
646 1723 688 1756 A.
711 1721 760 1755 VI
782 1724 849 1756 760
870 1733 947 1765 sqq.
975 1720 1130 1766 (primus
1154 1722 1200 1756 ad
1220 1733 1328 1757 auras
1348 1722 1473 1758 aethe-

123 1768 197 1803 rias
223 1768 318 1802 Italo
346 1768 566 1803 commixtus
593 1767 771 1812 sanguine
798 1771 925 1813 surget
946 1767 1094 1812 Siluius,
1121 1769 1308 1804 Albanum
1327 1780 1473 1812 nomen,

123 1816 188 1850 tua
212 1817 385 1860 postuma
411 1816 558 1860 proles.)
586 1816 623 1849 et
650 1814 798 1849 Seruius
825 1815 871 1849 ad
897 1816 932 1849 h.
961 1815 984 1850 1.

218 1925 260 1956 72
287 1922 506 1965 perhemnet
531 1921 580 1955 M
672 1924 716 1955 74
742 1931 800 1955 em
826 1923 863 1964 (n
890 1922 937 1956 al.
963 1923 1023 1966 ss.)
1053 1921 1085 1955 T
1180 1925 1223 1957 75
1250 1921 1350 1957 rheni
1378 1922 1410 1956 T

123 1972 166 2003 77
193 1969 248 2003 tui
275 1968 365 2004 GT2
391 1969 452 2013 (al.
479 1970 538 2012 ss.)
565 1968 620 2002 sui
649 1967 752 2002 PM
845 1972 888 2003 78
923 1969 1172 2012 trimeutriam
1199 1969 1249 2003 M
1340 1972 1383 2004 80
1409 1980 1472 2015 pe-

122 2015 259 2062 destre]
287 2015 381 2061 pede
410 2015 482 2050 TG
567 2019 609 2050 81
637 2015 796 2050 ticianus
821 2016 871 2050 M
951 2019 994 2050 82
1022 2016 1108 2051 hinc
1135 2016 1334 2052 Mommsen
1358 2016 1419 2051 hic
1441 2017 1475 2051 Z

126 2063 129 2108 l
157 2065 269 2107 atque
298 2063 330 2097 T
414 2065 459 2097 84
489 2063 652 2107 itemque
679 2062 808 2107 Peiper
841 2064 951 2106 atque
979 2063 1013 2097 Z
1043 2074 1113 2107 que
1146 2065 1259 2108 atque
1293 2063 1469 2109 Vinetusi

122 2125 249 2169 Ᾰῃῆῑο
277 2133 310 2168 G
407 2136 450 2168 87
478 2132 589 2168 iulius
618 2133 651 2167 Z
681 2132 784 2167 [uuis
811 2133 1021 2177 Amemus,
1048 2133 1138 2168 inus
1166 2134 1330 2179 &anyer
1427 2137 1471 2169 88

122 2181 177 2216 tui
206 2181 237 2215 T
270 2183 358 2216 tuus
385 2180 476 2216 GM
507 2180 578 2215 tibi
607 2181 687 2215 Toll
784 2184 828 2215 90
854 2180 1020 2215 lemnata
1046 2183 1082 2225 (n
1109 2182 1186 2223 deb,
1217 2194 1252 2215 m
1279 2182 1325 2216 αῑ.
1352 2183 1413 2225 ss.)
1443 2181 1475 2216 T

121 2228 301 2263 leminata
327 2228 376 2262 M
468 2232 509 2262 91
538 2227 604 2262 lali
632 2227 664 2262 T
695 2227 764 2262 lilli
791 2228 824 2262 G
846 2230 850 2271 Ι
873 2228 1051 2262 soniferos
1079 2228 1112 2263 G
1208 2232 1252 2262 92
1282 2228 1412 2273 peritis
1439 2229 1475 2262 Z

122 2275 262 2320 peritus
287 2283 316 2319 ψ
415 2280 458 2310 93
493 2275 601 2310 simul
628 2278 664 2310 et
692 2275 723 2308 T
754 2277 790 2309 et
815 2286 879 2310 om.
909 2275 998 2309 GM
1022 2277 1027 2320 Ι
1059 2275 1171 2310 iocali
1199 2275 1247 2309 M
1271 2276 1277 2319 Ι
1313 2275 1469 2321 discere]

121 2323 249 2358 ludere
280 2321 313 2357 G
411 2326 455 2358 94
481 2323 586 2358 Adde
614 2323 647 2357 Z
676 2321 732 2357 his
760 2322 853 2357 adde
880 2322 1010 2367 Peiper
1042 2321 1090 2357 Et
1115 2321 1211 2358 adde
1237 2322 1426 2358 Auaozcius
