1563 2511
634 59 954 100 —203-

140 162 223 203 Per
252 161 389 202 trinas
422 162 583 215 species
614 162 883 217 trigonorum
914 165 1063 218 regula
1095 165 1245 205 currit:
1436 174 1480 206 50

140 220 397 274 Aequilatus
428 220 497 261 uel
530 234 649 262 crure
681 221 775 275 pari
806 221 876 262 uel
908 222 953 262 in
985 222 1182 264 omnibus
1214 223 1347 276 inpar.

141 278 237 320 Tris
271 279 356 320 coit
386 278 431 319 in
463 280 607 332 partes
639 293 840 320 numerus
871 279 1102 332 perfectus,
1134 283 1183 322 ut
1213 281 1324 322 idem

142 336 366 392 Congrege
398 340 464 378 ter
495 340 618 378 terno
650 352 725 391 per
756 340 823 378 ter
853 338 937 379 tria
970 338 1241 380 dissoluatur.

141 395 236 437 Tris
267 397 429 450 primus
460 410 556 450 par,
586 396 726 449 impar
756 396 889 437 habet
919 396 1207 450 mediumque:
1241 397 1315 439 sed
1346 398 1436 451 ipse

140 454 201 495 Vt
225 455 324 508 tris,
356 455 416 495 sic
442 454 626 508 quinque
654 457 696 495 et
722 457 885 508 septem
913 469 1078 509 quoque
1105 455 1258 496 diuidit
1283 470 1408 509 unus3
1436 467 1479 497 55

139 512 200 554 Et
230 527 407 554 numero
440 513 485 553 in
515 515 611 554 toto
643 514 811 568 positus
845 513 924 554 sub
957 514 1150 555 acumine
1182 514 1317 554 centri

140 570 382 626 Distinguit
413 571 573 613 solidos
605 572 736 613 coebo
769 575 976 626 pergente
1007 572 1205 624 trientes,

141 630 404 685 Aequipares
437 630 640 671 dirimens
671 633 817 683 partes
850 645 901 671 ex
932 631 1081 684 inpare
1113 632 1253 684 tern03

140 688 198 730 Et
229 689 405 743 paribus
437 689 594 743 triplex
625 689 830 742 medium,
862 703 957 730 curn
990 690 1194 743 quattuor
1226 691 1268 729 et
1300 703 1372 730 sex

140 747 299 802 Bisque
331 750 635 802 quaternorum
669 748 907 789 secernitur
938 747 1163 801 omphalos
1194 747 1319 788 idem.
1438 758 1482 789 60

141 806 214 847 Ius
246 807 419 860 triplex,
451 806 624 847 tabulae
658 806 771 860 quod
802 809 869 847 ter
901 820 1077 847 sanxere
1111 808 1364 860 quaternae:

141 863 329 918 Sacrum,
355 865 572 919 priuatum
600 867 641 906 et
660 865 808 919 populi
827 879 1050 906 commune
1071 864 1184 919 quod
1204 879 1385 919 usquam
1407 869 1483 906 est.

139 922 471 965 Interdictorum
502 924 665 964 trinum
698 937 852 978 genus:
884 924 994 964 unde
1025 923 1220 976 repulsus

139 982 196 1023 Vi
228 982 347 1024 fuero
381 985 455 1023 aut
484 982 633 1023 utrubi
664 982 791 1024 fuerit
825 996 1056 1036 quorumue
1089 982 1310 1023 bonorum.

141 1041 316 1095 Triplex
346 1041 525 1082 libertas
558 1041 794 1095 capitisque
827 1041 1011 1081 minutio
1044 1041 1213 1094 triplex.
1438 1051 1481 1081 65

140 1099 319 1144 Trinum
352 1100 517 1140 dicendi
551 1113 684 1152 genus
717 1102 799 1140 est:
833 1099 1034 1153 sublime,
1066 1099 1306 1139 modestum

140 1157 200 1199 Et
233 1158 352 1199 tenui
382 1158 467 1199 filo.
516 1158 674 1212 triplex
707 1173 874 1213 quoque
906 1158 1045 1199 forma
1077 1157 1289 1210 medendi,

143 1216 221 1258 Oui
253 1217 377 1272 logos
411 1219 485 1258 aut
517 1216 742 1258 methodos
774 1217 924 1270 cuique
957 1216 1220 1270 experientia
1251 1229 1418 1257 nomen.

140 1275 199 1316 Et
231 1276 442 1316 medicina
473 1276 648 1329 triplex:
681 1290 870 1329 seruare,
903 1289 1070 1327 cauere,
1101 1274 1272 1315 mederi.

140 1334 236 1375 Tris
271 1336 489 1376 oratorum
522 1334 678 1376 cultus:
711 1336 890 1389 regnata
921 1332 1100 1374 Colosso
1439 1343 1483 1373 70

237 1489 280 1520 68
308 1485 352 1520 cf.
379 1485 542 1520 Marcell.
572 1485 617 1519 de
644 1485 740 1521 med.
768 1488 788 1519 6
821 1484 919 1529 quod
952 1483 1056 1528 logos
1086 1484 1151 1517 aut
1182 1481 1376 1517 methodos
1401 1481 1484 1516 sim-

141 1532 299 1576 plexque
326 1533 504 1577 empirica
529 1532 671 1577 pangit.

237 1678 281 1708 50
313 1674 442 1719 regula
473 1673 548 1707 VP
579 1673 679 1708 linea
706 1673 738 1706 Z
834 1675 876 1706 51
903 1671 1123 1715 Aequilatus
1151 1670 1183 1705 G
1218 1669 1422 1713 aequalitas
1455 1668 1489 1702 V

143 1721 339 1766 equalatus
373 1721 426 1755 Ρλ.
461 1720 643 1764 equilater
667 1721 741 1764 (tus
761 1731 821 1763 pr.
848 1721 908 1762 ss.)
940 1719 970 1752 T
1003 1720 1007 1762 Ι
1041 1718 1079 1752 in
1105 1728 1170 1752 om.
1193 1717 1227 1750 Z
1258 1718 1262 1760 Ι
1297 1715 1484 1758 omnibus]

142 1768 300 1803 nominis
321 1769 379 1803 Gi
402 1770 406 1811 Ι
428 1767 550 1813 inpar]
579 1767 613 1801 V
682 1771 725 1801 52
753 1766 855 1801 cohit
877 1766 909 1800 T
980 1770 1024 1800 53
1052 1765 1252 1808 congreget
1272 1765 1309 1798 et
1327 1765 1431 1797 terno
1456 1762 1489 1795 V

143 1818 345 1860 congreget
377 1817 503 1849 eterno
532 1815 568 1848 P
616 1825 699 1848 cum
737 1824 851 1859 grege
883 1815 940 1847 ter
974 1815 1079 1847 terno
1115 1810 1227 1855 (trino
1254 1810 1300 1854 G)
1329 1810 1362 1843 Z
1394 1820 1485 1844 corr.

143 1863 307 1908 Scaliger
333 1865 366 1905 1,
393 1865 439 1897 17
468 1862 472 1907 Ι
502 1861 725 1896 dissolbatur
757 1861 792 1896 V
862 1864 906 1895 54
931 1860 1050 1903 impar
1076 1869 1141 1893 om.
1166 1858 1202 1891 P
1285 1860 1328 1891 55
1354 1857 1396 1908 ut
1421 1856 1487 1890 tris

144 1910 196 1944 sic
224 1910 299 1945 VP
320 1911 409 1954 (tres
431 1908 507 1951 P?)
533 1908 598 1953 qui
622 1908 765 1943 medius
784 1908 842 1951 ΖΙ
864 1907 975 1952 unus]
1001 1907 1040 1940 in
1064 1905 1096 1939 is
1119 1906 1155 1939 P
1226 1907 1270 1939 56
1296 1905 1434 1948 pos1tu⁸
1459 1902 1494 1936 V

193 1961 236 1992 57
263 1957 377 1992 coebo
405 1956 438 1991 G·
464 1956 608 2000 quoebo
635 1956 673 1998 (b
699 1956 740 1990 in
765 1966 788 1989 v
814 1956 875 1998 al.)
908 1954 941 1988 V
963 1954 1053 1988 cebo
1079 1952 1116 1987 P
1138 1952 1219 1986 cibo
1246 1953 1265 1984 λ
1291 1950 1394 1985 coelo
1426 1950 1458 1983 T
1482 1951 1484 1992 1

143 2005 339 2049 pergentet
356 2003 391 2038 V
411 2004 606 2048 pergentes
622 2003 659 2036 P
681 2004 859 2047 pereunte
875 2002 910 2036 Z
981 2003 1024 2035 58
1051 1999 1196 2044 inpare]
1219 1998 1253 2033 V
1322 2002 1365 2032 59
1386 1996 1490 2031 IIIIOr

146 2074 183 2108 P
206 2076 365 2118 quatuor
388 2074 421 2108 Τ
491 2077 534 2108 61
561 2058 624 2107 iu}
657 2073 691 2106 V
713 2073 760 2107 αῖ.
787 2083 877 2107 corr.
953 2075 997 2106 64
1022 2070 1076 2116 ui]
1103 2069 1145 2104 ut
1170 2069 1228 2113 Vl
1251 2069 1315 2103 aut
1339 2078 1404 2102 om.
1427 2066 1481 2100 V*

144 2144 284 2190 utrubi]
311 2134 438 2178 utrfi'ui
468 2144 503 2179 V
531 2144 615 2178 rubi
640 2143 676 2177 P
696 2127 775 2178 rabi
799 2143 832 2177 T
854 2143 909 2185 (ut
933 2152 998 2176 om.
1023 2140 1113 2184 PT)
1139 2138 1261 2173 utrobi
1282 2138 1339 2172 GZ
1363 2137 1367 2181 Ι
1400 2146 1487 2180 quo-

144 2192 272 2225 rumbe
306 2191 340 2226 V
433 2195 476 2226 65
503 2191 622 2235 captis
650 2191 687 2224 P
782 2194 825 2224 67
852 2189 914 2223 filo
947 2187 983 2232 (Γ
1010 2188 1124 2232 phylo
1150 2188 1209 2225 ss.)
1235 2188 1253 2218 λ
1350 2186 1486 2217 67-69

146 2248 292 2282 quoque
319 2258 362 2263 -—
388 2239 524 2282 triplex
549 2249 614 2273 om.
633 2238 669 2271 P
740 2241 784 2272 68
810 2236 870 2272 cui
894 2235 1037 2272 Siluius
1063 2245 1132 2277 que
1161 2231 1275 2266 V²Gi
1303 2242 1373 2274 que
1401 2229 1491 2263 V¹T

147 2285 233 2328 quoi
259 2285 420 2330 Scaliyer
442 2288 446 2328 l
474 2285 605 2329 longos
638 2284 684 2319 Vl
711 2284 812 2328 leges
838 2286 855 2317 λ
954 2286 998 2316 70
1027 2279 1059 2315 (I
1086 2280 1166 2314 Tris
1196 2279 1231 2312 P
