<?xml version="1.0" encoding="UTF-8"?>
<!DOCTYPE html PUBLIC "-//W3C//DTD XHTML 1.0 Transitional//EN"
    "http://www.w3.org/TR/xhtml1/DTD/xhtml1-transitional.dtd">
<html xmlns="http://www.w3.org/1999/xhtml" xml:lang="en" lang="en">
 <head>
  <title>
</title>
<meta http-equiv="Content-Type" content="text/html;charset=utf-8" />
  <meta name='ocr-system' content='tesseract 3.04.00' />
  <meta name='ocr-capabilities' content='ocr_page ocr_carea ocr_par ocr_line ocrx_word'/>
</head>
<body>
  <div class='ocr_page' id='page_1' title='image "./opuscula00ausouoft_0626.png"; bbox 0 0 1563 2511; ppageno 0'>
   <div class='ocr_carea' id='block_1_1' title="bbox 694 32 1009 73">
    <p class='ocr_par' dir='ltr' id='par_1_1' title="bbox 694 32 1009 73">
     <span class='ocr_line' id='line_1_1' title="bbox 694 32 1009 73; baseline 0 0"><span class='ocrx_word' id='word_1_1' title='bbox 694 32 1009 73; x_wconf 81' lang='lat'>—492—</span> 
     </span>
    </p>
   </div>
   <div class='ocr_carea' id='block_1_2' title="bbox 175 133 1532 2341">
    <p class='ocr_par' dir='ltr' id='par_1_2' title="bbox 271 133 1295 180">
     <span class='ocr_line' id='line_1_2' title="bbox 271 133 1295 180; baseline 0.003 -12"><span class='ocrx_word' id='word_1_2' title='bbox 271 138 289 168; x_wconf 84' lang='lat'><strong>7</strong></span> <span class='ocrx_word' id='word_1_3' title='bbox 318 133 424 170; x_wconf 85' lang='lat' dir='ltr'><strong>Ouid.</strong></span> <span class='ocrx_word' id='word_1_4' title='bbox 451 134 520 169; x_wconf 83' lang='lat' dir='ltr'>Ars</span> <span class='ocrx_word' id='word_1_5' title='bbox 545 146 617 170; x_wconf 84' lang='lat' dir='ltr'>am.</span> <span class='ocrx_word' id='word_1_6' title='bbox 643 134 675 169; x_wconf 95' lang='lat' dir='ltr'>II</span> <span class='ocrx_word' id='word_1_7' title='bbox 703 139 769 170; x_wconf 88' lang='lat'>539</span> <span class='ocrx_word' id='word_1_8' title='bbox 795 135 950 170; x_wconf 85' lang='lat' dir='ltr'>riualem</span> <span class='ocrx_word' id='word_1_9' title='bbox 977 134 1165 180; x_wconf 84' lang='lat' dir='ltr'>patienter</span> <span class='ocrx_word' id='word_1_10' title='bbox 1189 136 1295 171; x_wconf 90' lang='lat' dir='ltr'>habe.</span> 
     </span>
    </p>

    <p class='ocr_par' dir='ltr' id='par_1_3' title="bbox 180 180 1529 462">
     <span class='ocr_line' id='line_1_3' title="bbox 180 180 1526 224; baseline 0.001 -9"><span class='ocrx_word' id='word_1_11' title='bbox 180 180 232 215; x_wconf 92' lang='lat' dir='ltr'>III</span> <span class='ocrx_word' id='word_1_12' title='bbox 260 183 334 224; x_wconf 91' lang='lat'>(10)</span> <span class='ocrx_word' id='word_1_13' title='bbox 361 184 382 215; x_wconf 81' lang='lat'>5</span> <span class='ocrx_word' id='word_1_14' title='bbox 403 181 447 216; x_wconf 84' lang='lat' dir='ltr'>cf.</span> <span class='ocrx_word' id='word_1_15' title='bbox 475 181 568 217; x_wconf 88' lang='lat' dir='ltr'>Plin.</span> <span class='ocrx_word' id='word_1_16' title='bbox 597 194 632 218; x_wconf 90' lang='lat' dir='ltr'>n.</span> <span class='ocrx_word' id='word_1_17' title='bbox 659 183 694 217; x_wconf 88' lang='lat' dir='ltr'>h.</span> <span class='ocrx_word' id='word_1_18' title='bbox 722 182 859 217; x_wconf 85' lang='lat' dir='ltr'>XXVII</span> <span class='ocrx_word' id='word_1_19' title='bbox 885 187 906 217; x_wconf 87' lang='lat'>5</span> <span class='ocrx_word' id='word_1_20' title='bbox 937 193 982 217; x_wconf 82' lang='lat' dir='ltr'>ea</span> <span class='ocrx_word' id='word_1_21' title='bbox 1013 183 1070 217; x_wconf 85' lang='lat' dir='ltr'>est</span> <span class='ocrx_word' id='word_1_22' title='bbox 1101 185 1235 218; x_wconf 83' lang='lat' dir='ltr'>natura</span> <span class='ocrx_word' id='word_1_23' title='bbox 1265 184 1307 218; x_wconf 87' lang='lat' dir='ltr'>ut</span> <span class='ocrx_word' id='word_1_24' title='bbox 1337 183 1526 218; x_wconf 87' lang='lat' dir='ltr'>hominem</span> 
     </span>
     <span class='ocr_line' id='line_1_4' title="bbox 318 228 1526 274; baseline 0.002 -11"><span class='ocrx_word' id='word_1_25' title='bbox 318 228 481 272; x_wconf 83' lang='lat' dir='ltr'>occidat,</span> <span class='ocrx_word' id='word_1_26' title='bbox 514 229 585 264; x_wconf 86' lang='lat' dir='ltr'>nisi</span> <span class='ocrx_word' id='word_1_27' title='bbox 615 229 818 272; x_wconf 83' lang='lat' dir='ltr'>inuenerit,</span> <span class='ocrx_word' id='word_1_28' title='bbox 852 230 950 274; x_wconf 88' lang='lat' dir='ltr'>quod</span> <span class='ocrx_word' id='word_1_29' title='bbox 982 229 1021 263; x_wconf 89' lang='lat' dir='ltr'>in</span> <span class='ocrx_word' id='word_1_30' title='bbox 1046 230 1194 264; x_wconf 89' lang='lat' dir='ltr'>homine</span> <span class='ocrx_word' id='word_1_31' title='bbox 1219 230 1391 274; x_wconf 81' lang='lat' dir='ltr'>perimat.</span> <span class='ocrx_word' id='word_1_32' title='bbox 1443 241 1526 265; x_wconf 87' lang='lat' dir='ltr'>cum</span> 
     </span>
     <span class='ocr_line' id='line_1_5' title="bbox 320 275 1527 322; baseline 0.002 -13"><span class='ocrx_word' id='word_1_33' title='bbox 320 285 363 310; x_wconf 92' lang='lat' dir='ltr'>eo</span> <span class='ocrx_word' id='word_1_34' title='bbox 390 276 469 311; x_wconf 89' lang='lat' dir='ltr'>solo</span> <span class='ocrx_word' id='word_1_35' title='bbox 497 275 739 319; x_wconf 79' lang='lat' dir='ltr'>conluctatur,</span> <span class='ocrx_word' id='word_1_36' title='bbox 765 277 871 311; x_wconf 88' lang='lat' dir='ltr'>uelut</span> <span class='ocrx_word' id='word_1_37' title='bbox 895 277 977 322; x_wconf 83' lang='lat' dir='ltr'>pari</span> <span class='ocrx_word' id='word_1_38' title='bbox 1003 276 1104 311; x_wconf 83' lang='lat' dir='ltr'>intus</span> <span class='ocrx_word' id='word_1_39' title='bbox 1130 276 1292 312; x_wconf 85' lang='lat' dir='ltr'>inuento.</span> <span class='ocrx_word' id='word_1_40' title='bbox 1335 278 1414 312; x_wconf 84' lang='lat' dir='ltr'>sola.</span> <span class='ocrx_word' id='word_1_41' title='bbox 1434 278 1527 312; x_wconf 83' lang='lat' dir='ltr'>haec</span> 
     </span>
     <span class='ocr_line' id='line_1_6' title="bbox 317 323 1529 368; baseline 0.002 -11"><span class='ocrx_word' id='word_1_42' title='bbox 317 333 444 366; x_wconf 87' lang='lat' dir='ltr'>pugna</span> <span class='ocrx_word' id='word_1_43' title='bbox 470 325 543 366; x_wconf 88' lang='lat' dir='ltr'>est,</span> <span class='ocrx_word' id='word_1_44' title='bbox 577 334 661 358; x_wconf 84' lang='lat' dir='ltr'>cum</span> <span class='ocrx_word' id='word_1_45' title='bbox 686 335 869 358; x_wconf 89' lang='lat' dir='ltr'>uenenum</span> <span class='ocrx_word' id='word_1_46' title='bbox 895 324 934 358; x_wconf 85' lang='lat' dir='ltr'>in</span> <span class='ocrx_word' id='word_1_47' title='bbox 960 323 1162 358; x_wconf 84' lang='lat' dir='ltr'>uisceribus</span> <span class='ocrx_word' id='word_1_48' title='bbox 1187 323 1343 368; x_wconf 87' lang='lat' dir='ltr'>reperit,</span> <span class='ocrx_word' id='word_1_49' title='bbox 1375 324 1529 359; x_wconf 88' lang='lat' dir='ltr'>mirum-</span> 
     </span>
     <span class='ocr_line' id='line_1_7' title="bbox 319 370 1527 415; baseline 0.002 -12"><span class='ocrx_word' id='word_1_50' title='bbox 319 380 405 412; x_wconf 88' lang='lat' dir='ltr'>que,</span> <span class='ocrx_word' id='word_1_51' title='bbox 445 370 613 405; x_wconf 72' lang='lat' dir='ltr'>exitialia</span> <span class='ocrx_word' id='word_1_52' title='bbox 651 381 718 415; x_wconf 86' lang='lat' dir='ltr'>per</span> <span class='ocrx_word' id='word_1_53' title='bbox 750 381 789 405; x_wconf 83' lang='lat' dir='ltr'>se</span> <span class='ocrx_word' id='word_1_54' title='bbox 820 370 930 405; x_wconf 86' lang='lat' dir='ltr'>ambo</span> <span class='ocrx_word' id='word_1_55' title='bbox 964 382 1046 405; x_wconf 84' lang='lat' dir='ltr'>cum</span> <span class='ocrx_word' id='word_1_56' title='bbox 1080 371 1169 414; x_wconf 83' lang='lat' dir='ltr'>sint,</span> <span class='ocrx_word' id='word_1_57' title='bbox 1209 370 1281 406; x_wconf 90' lang='lat' dir='ltr'>duo</span> <span class='ocrx_word' id='word_1_58' title='bbox 1314 381 1458 406; x_wconf 83' lang='lat' dir='ltr'>uenena.</span> <span class='ocrx_word' id='word_1_59' title='bbox 1487 371 1527 405; x_wconf 88' lang='lat' dir='ltr'>in</span> 
     </span>
     <span class='ocr_line' id='line_1_8' title="bbox 317 415 1184 462; baseline 0.003 -13"><span class='ocrx_word' id='word_1_60' title='bbox 317 415 467 452; x_wconf 86' lang='lat' dir='ltr'>homine</span> <span class='ocrx_word' id='word_1_61' title='bbox 494 418 782 461; x_wconf 80' lang='lat' dir='ltr'>conmoriuntur,</span> <span class='ocrx_word' id='word_1_62' title='bbox 809 420 851 452; x_wconf 90' lang='lat' dir='ltr'>ut</span> <span class='ocrx_word' id='word_1_63' title='bbox 875 419 987 453; x_wconf 89' lang='lat' dir='ltr'>homo</span> <span class='ocrx_word' id='word_1_64' title='bbox 1013 417 1184 462; x_wconf 83' lang='lat' dir='ltr'>supersit.</span> 
     </span>
    </p>

    <p class='ocr_par' dir='ltr' id='par_1_4' title="bbox 175 461 1526 556">
     <span class='ocr_line' id='line_1_9' title="bbox 175 461 1526 508; baseline 0.001 -12"><span class='ocrx_word' id='word_1_65' title='bbox 175 461 247 496; x_wconf 92' lang='lat' dir='ltr'>IIII</span> <span class='ocrx_word' id='word_1_66' title='bbox 273 464 348 508; x_wconf 82' lang='grc'>(75)</span> <span class='ocrx_word' id='word_1_67' title='bbox 374 468 394 498; x_wconf 87' lang='grc'>3</span> <span class='ocrx_word' id='word_1_68' title='bbox 423 463 529 499; x_wconf 85' lang='lat' dir='ltr'>Ouid.</span> <span class='ocrx_word' id='word_1_69' title='bbox 562 464 639 500; x_wconf 90' lang='lat' dir='ltr'>her</span> <span class='ocrx_word' id='word_1_70' title='bbox 671 464 704 498; x_wconf 91' lang='lat' dir='ltr'>X</span> <span class='ocrx_word' id='word_1_71' title='bbox 737 469 779 499; x_wconf 89' lang='lat'>31</span> <span class='ocrx_word' id='word_1_72' title='bbox 813 467 878 500; x_wconf 83' lang='lat' dir='ltr'>aut</span> <span class='ocrx_word' id='word_1_73' title='bbox 908 465 989 499; x_wconf 87' lang='lat' dir='ltr'>uidi</span> <span class='ocrx_word' id='word_1_74' title='bbox 1021 468 1087 500; x_wconf 84' lang='lat' dir='ltr'>aut</span> <span class='ocrx_word' id='word_1_75' title='bbox 1117 467 1308 504; x_wconf 79' lang='lat' dir='ltr'><strong>tamquam</strong></span> <span class='ocrx_word' id='word_1_76' title='bbox 1341 472 1436 504; x_wconf 85' lang='lat' dir='ltr'>quae</span> <span class='ocrx_word' id='word_1_77' title='bbox 1468 473 1526 497; x_wconf 91' lang='lat' dir='ltr'>me</span> 
     </span>
     <span class='ocr_line' id='line_1_10' title="bbox 320 510 667 556; baseline 0.003 -12"><span class='ocrx_word' id='word_1_78' title='bbox 320 510 460 546; x_wconf 80' lang='lat' dir='ltr'>uidisse</span> <span class='ocrx_word' id='word_1_79' title='bbox 486 513 667 556; x_wconf 82' lang='lat' dir='ltr'>putarem.</span> 
     </span>
    </p>

    <p class='ocr_par' dir='ltr' id='par_1_5' title="bbox 317 554 1320 602">
     <span class='ocr_line' id='line_1_11' title="bbox 317 554 1320 602; baseline -0.001 -12"><span class='ocrx_word' id='word_1_80' title='bbox 317 555 393 591; x_wconf 87' lang='lat' dir='ltr'>Ver</span> <span class='ocrx_word' id='word_1_81' title='bbox 395 558 459 602; x_wconf 88' lang='lat' dir='ltr'>gil.</span> <span class='ocrx_word' id='word_1_82' title='bbox 486 560 527 592; x_wconf 88' lang='lat' dir='ltr'>A.</span> <span class='ocrx_word' id='word_1_83' title='bbox 554 558 605 593; x_wconf 90' lang='lat' dir='ltr'>VI</span> <span class='ocrx_word' id='word_1_84' title='bbox 631 561 701 592; x_wconf 88' lang='lat'>454</span> <span class='ocrx_word' id='word_1_85' title='bbox 729 559 794 590; x_wconf 82' lang='lat' dir='ltr'>aut</span> <span class='ocrx_word' id='word_1_86' title='bbox 819 555 922 589; x_wconf 89' lang='lat' dir='ltr'>uidet</span> <span class='ocrx_word' id='word_1_87' title='bbox 948 556 1014 590; x_wconf 89' lang='lat' dir='ltr'>aut</span> <span class='ocrx_word' id='word_1_88' title='bbox 1040 554 1174 589; x_wconf 87' lang='lat' dir='ltr'>uidisse</span> <span class='ocrx_word' id='word_1_89' title='bbox 1201 556 1320 600; x_wconf 85' lang='lat' dir='ltr'>putat.</span> 
     </span>
    </p>

    <p class='ocr_par' dir='ltr' id='par_1_6' title="bbox 176 602 1527 694">
     <span class='ocr_line' id='line_1_12' title="bbox 176 602 1527 648; baseline 0 -10"><span class='ocrx_word' id='word_1_90' title='bbox 176 603 209 637; x_wconf 96' lang='lat' dir='ltr'><strong>V</strong></span> <span class='ocrx_word' id='word_1_91' title='bbox 238 605 311 648; x_wconf 82' lang='lat'>(76)</span> <span class='ocrx_word' id='word_1_92' title='bbox 338 604 440 639; x_wconf 85' lang='lat' dir='ltr'>uocis</span> <span class='ocrx_word' id='word_1_93' title='bbox 473 605 650 640; x_wconf 78' lang='lat' dir='ltr'>absonae.</span> <span class='ocrx_word' id='word_1_94' title='bbox 690 603 816 636; x_wconf 83' lang='lat' dir='ltr'>Cicero</span> <span class='ocrx_word' id='word_1_95' title='bbox 849 602 893 636; x_wconf 89' lang='lat' dir='ltr'>de</span> <span class='ocrx_word' id='word_1_96' title='bbox 926 605 1017 636; x_wconf 82' lang='lat' dir='ltr'>orat.</span> <span class='ocrx_word' id='word_1_97' title='bbox 1050 602 1102 636; x_wconf 87' lang='lat'>111</span> <span class='ocrx_word' id='word_1_98' title='bbox 1136 606 1178 636; x_wconf 89' lang='lat'>41</span> <span class='ocrx_word' id='word_1_99' title='bbox 1214 613 1286 636; x_wconf 85' lang='lat' dir='ltr'>uox</span> <span class='ocrx_word' id='word_1_100' title='bbox 1314 631 1320 637; x_wconf 95' lang='lat'>.</span> <span class='ocrx_word' id='word_1_101' title='bbox 1350 630 1356 637; x_wconf 91' lang='lat'>.</span> <span class='ocrx_word' id='word_1_102' title='bbox 1385 603 1527 638; x_wconf 82' lang='lat' dir='ltr'>absona</span> 
     </span>
     <span class='ocr_line' id='line_1_13' title="bbox 322 648 1043 694; baseline -0.003 -9"><span class='ocrx_word' id='word_1_103' title='bbox 322 652 434 694; x_wconf 79' lang='lat' dir='ltr'>atque</span> <span class='ocrx_word' id='word_1_104' title='bbox 460 651 622 685; x_wconf 83' lang='lat' dir='ltr'>absurda</span> <span class='ocrx_word' id='word_1_105' title='bbox 648 648 663 682; x_wconf 89' lang='lat' dir='ltr'>I</span> <span class='ocrx_word' id='word_1_106' title='bbox 692 652 758 683; x_wconf 97' lang='lat'>115</span> <span class='ocrx_word' id='word_1_107' title='bbox 785 659 875 683; x_wconf 82' lang='lat' dir='ltr'>uoce</span> <span class='ocrx_word' id='word_1_108' title='bbox 902 648 1043 683; x_wconf 87' lang='lat' dir='ltr'>absoni.</span> 
     </span>
    </p>

    <p class='ocr_par' dir='ltr' id='par_1_7' title="bbox 274 695 1133 741">
     <span class='ocr_line' id='line_1_14' title="bbox 274 695 1133 741; baseline 0 -11"><span class='ocrx_word' id='word_1_109' title='bbox 274 700 294 730; x_wconf 88' lang='lat'>2</span> <span class='ocrx_word' id='word_1_110' title='bbox 324 696 429 731; x_wconf 88' lang='lat' dir='ltr'>Ouid.</span> <span class='ocrx_word' id='word_1_111' title='bbox 458 696 506 731; x_wconf 91' lang='lat' dir='ltr'>M.</span> <span class='ocrx_word' id='word_1_112' title='bbox 533 696 583 730; x_wconf 92' lang='lat' dir='ltr'>VI</span> <span class='ocrx_word' id='word_1_113' title='bbox 611 700 679 730; x_wconf 87' lang='lat'>395</span> <span class='ocrx_word' id='word_1_114' title='bbox 705 695 964 740; x_wconf 81' lang='lat' dir='ltr'>lanigerosque</span> <span class='ocrx_word' id='word_1_115' title='bbox 991 707 1133 741; x_wconf 63' lang='lat' dir='ltr'>greges</span> 
     </span>
    </p>

    <p class='ocr_par' dir='ltr' id='par_1_8' title="bbox 275 743 1230 788">
     <span class='ocr_line' id='line_1_15' title="bbox 275 743 1230 788; baseline -0.001 -10"><span class='ocrx_word' id='word_1_116' title='bbox 275 748 295 778; x_wconf 90' lang='lat'>5</span> <span class='ocrx_word' id='word_1_117' title='bbox 322 743 462 787; x_wconf 78' lang='lat' dir='ltr'>Vergil.</span> <span class='ocrx_word' id='word_1_118' title='bbox 491 743 532 778; x_wconf 89' lang='lat' dir='ltr'>G.</span> <span class='ocrx_word' id='word_1_119' title='bbox 559 743 576 776; x_wconf 90' lang='lat' dir='ltr'>I</span> <span class='ocrx_word' id='word_1_120' title='bbox 601 747 669 777; x_wconf 85' lang='lat'>423</span> <span class='ocrx_word' id='word_1_121' title='bbox 698 746 734 778; x_wconf 89' lang='lat' dir='ltr'>et</span> <span class='ocrx_word' id='word_1_122' title='bbox 760 744 915 777; x_wconf 83' lang='lat' dir='ltr'>ouantes</span> <span class='ocrx_word' id='word_1_123' title='bbox 941 745 1091 788; x_wconf 78' lang='lat' dir='ltr'>gutture</span> <span class='ocrx_word' id='word_1_124' title='bbox 1118 743 1230 778; x_wconf 86' lang='lat' dir='ltr'>corui.</span> 
     </span>
    </p>

    <p class='ocr_par' dir='ltr' id='par_1_9' title="bbox 176 789 1529 928">
     <span class='ocr_line' id='line_1_16' title="bbox 176 789 1528 835; baseline 0.001 -11"><span class='ocrx_word' id='word_1_125' title='bbox 176 789 244 824; x_wconf 89' lang='lat' dir='ltr'>VII</span> <span class='ocrx_word' id='word_1_126' title='bbox 272 792 346 835; x_wconf 88' lang='lat'>(44)</span> <span class='ocrx_word' id='word_1_127' title='bbox 372 790 602 826; x_wconf 82' lang='lat' dir='ltr'>Philomuse:</span> <span class='ocrx_word' id='word_1_128' title='bbox 631 794 651 824; x_wconf 88' lang='lat'><strong>3</strong></span> <span class='ocrx_word' id='word_1_129' title='bbox 671 790 797 825; x_wconf 88' lang='lat' dir='ltr'>Horat.</span> <span class='ocrx_word' id='word_1_130' title='bbox 820 789 854 825; x_wconf 82' lang='lat' dir='ltr'>S.</span> <span class='ocrx_word' id='word_1_131' title='bbox 876 789 909 823; x_wconf 90' lang='lat' dir='ltr'>II</span> <span class='ocrx_word' id='word_1_132' title='bbox 930 794 962 830; x_wconf 88' lang='lat'>3,</span> <span class='ocrx_word' id='word_1_133' title='bbox 985 794 1051 824; x_wconf 90' lang='lat'>104</span> <span class='ocrx_word' id='word_1_134' title='bbox 1079 789 1110 824; x_wconf 80' lang='lat' dir='ltr'>si</span> <span class='ocrx_word' id='word_1_135' title='bbox 1129 790 1211 834; x_wconf 85' lang='lat' dir='ltr'>quis</span> <span class='ocrx_word' id='word_1_136' title='bbox 1232 791 1334 825; x_wconf 83' lang='lat' dir='ltr'>emat</span> <span class='ocrx_word' id='word_1_137' title='bbox 1352 790 1528 835; x_wconf 77' lang='lat' dir='ltr'>citharas,</span> 
     </span>
     <span class='ocr_line' id='line_1_17' title="bbox 320 837 1529 928; baseline 0.002 -10"><span class='ocrx_word' id='word_1_138' title='bbox 320 839 468 919; x_wconf 57' lang='grc' dir='ltr'>1ῗᾶἷὲἶί</span> <span class='ocrx_word' id='word_1_139' title='bbox 486 837 1529 928; x_wconf 43' lang='lat' dir='ltr'>{53³⁰”teielssrssssstssff’affignitssffi&#39;icfsshglffssssssffmhffff</span> 
     </span>
    </p>

    <p class='ocr_par' dir='ltr' id='par_1_10' title="bbox 271 931 1148 975">
     <span class='ocr_line' id='line_1_18' title="bbox 271 931 1148 975; baseline 0.001 -11"><span class='ocrx_word' id='word_1_140' title='bbox 271 934 294 964; x_wconf 88' lang='lat'>4</span> <span class='ocrx_word' id='word_1_141' title='bbox 319 931 482 967; x_wconf 87' lang='lat' dir='ltr'>Martial.</span> <span class='ocrx_word' id='word_1_142' title='bbox 509 931 560 966; x_wconf 90' lang='lat' dir='ltr'>III</span> <span class='ocrx_word' id='word_1_143' title='bbox 585 936 618 975; x_wconf 93' lang='lat'>4,</span> <span class='ocrx_word' id='word_1_144' title='bbox 645 935 667 966; x_wconf 88' lang='lat'>8</span> <span class='ocrx_word' id='word_1_145' title='bbox 694 942 776 965; x_wconf 83' lang='lat' dir='ltr'>cum</span> <span class='ocrx_word' id='word_1_146' title='bbox 804 931 1040 966; x_wconf 87' lang='lat' dir='ltr'>citharoedus</span> <span class='ocrx_word' id='word_1_147' title='bbox 1067 931 1148 966; x_wconf 89' lang='lat' dir='ltr'>erit.</span> 
     </span>
    </p>

    <p class='ocr_par' dir='ltr' id='par_1_11' title="bbox 178 976 929 1023">
     <span class='ocr_line' id='line_1_19' title="bbox 178 976 929 1023; baseline 0.003 -12"><span class='ocrx_word' id='word_1_148' title='bbox 178 977 263 1012; x_wconf 86' lang='lat' dir='ltr'>VIII</span> <span class='ocrx_word' id='word_1_149' title='bbox 291 979 365 1023; x_wconf 89' lang='lat'>(48)</span> <span class='ocrx_word' id='word_1_150' title='bbox 394 983 410 1013; x_wconf 93' lang='lat'>1</span> <span class='ocrx_word' id='word_1_151' title='bbox 438 976 475 1015; x_wconf 67' lang='lat' dir='ltr'>(l</span> <span class='ocrx_word' id='word_1_152' title='bbox 501 990 556 1023; x_wconf 87' lang='lat' dir='ltr'>ep.</span> <span class='ocrx_word' id='word_1_153' title='bbox 588 983 687 1022; x_wconf 90' lang='lat'>13,1</span> <span class='ocrx_word' id='word_1_154' title='bbox 715 978 769 1012; x_wconf 90' lang='lat' dir='ltr'>nil</span> <span class='ocrx_word' id='word_1_155' title='bbox 794 978 929 1013; x_wconf 88' lang='lat' dir='ltr'>uerius.</span> 
     </span>
    </p>

    <p class='ocr_par' dir='ltr' id='par_1_12' title="bbox 179 1025 1529 1107">
     <span class='ocr_line' id='line_1_20' title="bbox 179 1025 1529 1070; baseline 0.001 -11"><span class='ocrx_word' id='word_1_156' title='bbox 179 1025 263 1059; x_wconf 83' lang='lat' dir='ltr'>XIII</span> <span class='ocrx_word' id='word_1_157' title='bbox 290 1028 364 1069; x_wconf 82' lang='lat'>(47)</span> <span class='ocrx_word' id='word_1_158' title='bbox 391 1025 554 1060; x_wconf 75' lang='lat' dir='ltr'>Maitial.</span> <span class='ocrx_word' id='word_1_159' title='bbox 581 1026 631 1060; x_wconf 90' lang='lat' dir='ltr'>XI</span> <span class='ocrx_word' id='word_1_160' title='bbox 660 1030 743 1070; x_wconf 88' lang='grc'>102,</span> <span class='ocrx_word' id='word_1_161' title='bbox 771 1030 793 1060; x_wconf 85' lang='lat'>4</span> <span class='ocrx_word' id='word_1_162' title='bbox 824 1037 936 1070; x_wconf 87' lang='lat' dir='ltr'>quam</span> <span class='ocrx_word' id='word_1_163' title='bbox 969 1025 1055 1060; x_wconf 84' lang='lat' dir='ltr'>silet</span> <span class='ocrx_word' id='word_1_164' title='bbox 1087 1025 1125 1059; x_wconf 89' lang='lat' dir='ltr'>in</span> <span class='ocrx_word' id='word_1_165' title='bbox 1158 1037 1242 1060; x_wconf 71' lang='lat' dir='ltr'>cela</span> <span class='ocrx_word' id='word_1_166' title='bbox 1276 1026 1401 1060; x_wconf 84' lang='lat' dir='ltr'>uultus</span> <span class='ocrx_word' id='word_1_167' title='bbox 1428 1027 1467 1060; x_wconf 91' lang='lat' dir='ltr'>et</span> <span class='ocrx_word' id='word_1_168' title='bbox 1491 1026 1529 1060; x_wconf 86' lang='lat' dir='ltr'>in</span> 
     </span>
     <span class='ocr_line' id='line_1_21' title="bbox 319 1072 461 1108; baseline -0.008 -1"><span class='ocrx_word' id='word_1_169' title='bbox 319 1072 461 1108; x_wconf 83' lang='lat' dir='ltr'>tabula.</span> 
     </span>
    </p>

    <p class='ocr_par' dir='ltr' id='par_1_13' title="bbox 177 1119 1529 1212">
     <span class='ocr_line' id='line_1_22' title="bbox 177 1119 1529 1172; baseline 0.002 -20.003"><span class='ocrx_word' id='word_1_170' title='bbox 177 1119 243 1153; x_wconf 92' lang='lat' dir='ltr'>XV</span> <span class='ocrx_word' id='word_1_171' title='bbox 271 1121 343 1164; x_wconf 88' lang='lat'>(81)</span> <span class='ocrx_word' id='word_1_172' title='bbox 373 1125 389 1154; x_wconf 92' lang='lat'>1</span> <span class='ocrx_word' id='word_1_173' title='bbox 418 1120 546 1155; x_wconf 82' lang='lat' dir='ltr'>Horat.</span> <span class='ocrx_word' id='word_1_174' title='bbox 567 1120 633 1172; x_wconf 90' lang='lat' dir='ltr'>Ep.</span> <span class='ocrx_word' id='word_1_175' title='bbox 655 1119 671 1153; x_wconf 92' lang='lat' dir='ltr'>I</span> <span class='ocrx_word' id='word_1_176' title='bbox 692 1124 723 1163; x_wconf 88' lang='grc'>2,</span> <span class='ocrx_word' id='word_1_177' title='bbox 751 1124 796 1154; x_wconf 88' lang='grc'>40</span> <span class='ocrx_word' id='word_1_178' title='bbox 822 1119 1018 1154; x_wconf 85' lang='lat' dir='ltr'>dimidium</span> <span class='ocrx_word' id='word_1_179' title='bbox 1043 1119 1135 1154; x_wconf 80' lang='lat' dir='ltr'>facti</span> <span class='ocrx_word' id='word_1_180' title='bbox 1160 1120 1224 1164; x_wconf 87' lang='lat' dir='ltr'>qui</span> <span class='ocrx_word' id='word_1_181' title='bbox 1250 1120 1373 1165; x_wconf 88' lang='lat' dir='ltr'>coepit</span> <span class='ocrx_word' id='word_1_182' title='bbox 1398 1119 1529 1155; x_wconf 84' lang='lat' dir='ltr'>habet:</span> 
     </span>
     <span class='ocr_line' id='line_1_23' title="bbox 323 1165 1126 1222; baseline 0 -21"><span class='ocrx_word' id='word_1_183' title='bbox 323 1178 451 1212; x_wconf 83' lang='lat' dir='ltr'>sapere</span> <span class='ocrx_word' id='word_1_184' title='bbox 479 1167 584 1210; x_wconf 84' lang='lat' dir='ltr'>aude,</span> <span class='ocrx_word' id='word_1_185' title='bbox 611 1167 744 1211; x_wconf 86' lang='lat' dir='ltr'>incipe.</span> <span class='ocrx_word' id='word_1_186' title='bbox 797 1165 829 1203; x_wconf 82' lang='lat' dir='ltr'>(I</span> <span class='ocrx_word' id='word_1_187' title='bbox 857 1167 1043 1222; x_wconf 87' lang='lat' dir='ltr'>Teohnop.</span> <span class='ocrx_word' id='word_1_188' title='bbox 1071 1171 1126 1202; x_wconf 86' lang='lat'>36.</span> 
     </span>
    </p>

    <p class='ocr_par' dir='ltr' id='par_1_14' title="bbox 178 1210 1529 1350">
     <span class='ocr_line' id='line_1_24' title="bbox 178 1210 1528 1271; baseline 0.002 -24"><span class='ocrx_word' id='word_1_189' title='bbox 178 1213 263 1248; x_wconf 86' lang='lat' dir='ltr'>XVI</span> <span class='ocrx_word' id='word_1_190' title='bbox 291 1215 366 1258; x_wconf 92' lang='lat'>(82)</span> <span class='ocrx_word' id='word_1_191' title='bbox 405 1214 450 1248; x_wconf 81' lang='lat' dir='ltr'>ef.</span> <span class='ocrx_word' id='word_1_192' title='bbox 490 1215 640 1250; x_wconf 90' lang='lat' dir='ltr'>Anthol</span> <span class='ocrx_word' id='word_1_193' title='bbox 679 1214 757 1249; x_wconf 85' lang='lat' dir='ltr'>Pal.</span> <span class='ocrx_word' id='word_1_194' title='bbox 796 1215 829 1248; x_wconf 92' lang='lat' dir='ltr'>X</span> <span class='ocrx_word' id='word_1_195' title='bbox 867 1218 910 1248; x_wconf 82' lang='lat'>37</span> <span class='ocrx_word' id='word_1_196' title='bbox 957 1211 978 1257; x_wconf 86' lang='grc' dir='ltr'>ἡ</span> <span class='ocrx_word' id='word_1_197' title='bbox 1025 1212 1262 1271; x_wconf 77' lang='grc' dir='ltr'><em>βραδύπους</em></span> <span class='ocrx_word' id='word_1_198' title='bbox 1284 1211 1415 1270; x_wconf 81' lang='grc' dir='ltr'><strong><em>βουλὴ</em></strong></span> <span class='ocrx_word' id='word_1_199' title='bbox 1442 1210 1528 1259; x_wconf 81' lang='grc' dir='ltr'>μεγ’</span> 
     </span>
     <span class='ocr_line' id='line_1_25' title="bbox 321 1258 1529 1307; baseline 0.001 -12"><span class='ocrx_word' id='word_1_200' title='bbox 321 1259 504 1306; x_wconf 27' lang='lat' dir='ltr'>dyszſtrvmv</span> <span class='ocrx_word' id='word_1_201' title='bbox 546 1258 568 1305; x_wconf 82' lang='grc' dir='ltr'>ὴ</span> <span class='ocrx_word' id='word_1_202' title='bbox 602 1261 643 1296; x_wconf 76' lang='grc' dir='ltr'>δὲ</span> <span class='ocrx_word' id='word_1_203' title='bbox 677 1274 808 1306; x_wconf 81' lang='grc' dir='ltr'><em>ταχεια</em></span> <span class='ocrx_word' id='word_1_204' title='bbox 841 1259 924 1295; x_wconf 71' lang='grc' dir='ltr'>αἰὲν</span> <span class='ocrx_word' id='word_1_205' title='bbox 957 1259 1190 1306; x_wconf 77' lang='grc' dir='ltr'><strong><em>ἐφελκομένη</em></strong></span> <span class='ocrx_word' id='word_1_206' title='bbox 1224 1258 1292 1306; x_wconf 72' lang='grc' dir='ltr'>τὴν</span> <span class='ocrx_word' id='word_1_207' title='bbox 1325 1259 1529 1307; x_wconf 76' lang='grc' dir='ltr'><em>μετάνοιαν</em></span> 
     </span>
     <span class='ocr_line' id='line_1_26' title="bbox 322 1307 409 1350; baseline -0.013 -7"><span class='ocrx_word' id='word_1_208' title='bbox 322 1307 409 1350; x_wconf 77' lang='grc' dir='ltr'><strong><em>ἐ’χει.</em></strong></span> 
     </span>
    </p>

    <p class='ocr_par' dir='ltr' id='par_1_15' title="bbox 320 1355 1487 1400">
     <span class='ocr_line' id='line_1_27' title="bbox 320 1355 1487 1400; baseline 0 -11"><span class='ocrx_word' id='word_1_209' title='bbox 320 1355 481 1390; x_wconf 82' lang='lat' dir='ltr'>Martial.</span> <span class='ocrx_word' id='word_1_210' title='bbox 508 1355 559 1390; x_wconf 91' lang='lat' dir='ltr'>VI</span> <span class='ocrx_word' id='word_1_211' title='bbox 586 1359 642 1390; x_wconf 88' lang='lat'>30.</span> <span class='ocrx_word' id='word_1_212' title='bbox 669 1355 808 1390; x_wconf 83' lang='lat' dir='ltr'>V1143</span> <span class='ocrx_word' id='word_1_213' title='bbox 836 1355 975 1390; x_wconf 83' lang='lat' dir='ltr'>Seneca</span> <span class='ocrx_word' id='word_1_214' title='bbox 1001 1356 1045 1390; x_wconf 89' lang='lat' dir='ltr'>de</span> <span class='ocrx_word' id='word_1_215' title='bbox 1070 1356 1191 1390; x_wconf 87' lang='lat' dir='ltr'>benef.</span> <span class='ocrx_word' id='word_1_216' title='bbox 1219 1356 1251 1389; x_wconf 91' lang='lat' dir='ltr'>II</span> <span class='ocrx_word' id='word_1_217' title='bbox 1280 1360 1310 1399; x_wconf 91' lang='lat'>1,</span> <span class='ocrx_word' id='word_1_218' title='bbox 1340 1360 1368 1390; x_wconf 90' lang='lat'>1.</span> <span class='ocrx_word' id='word_1_219' title='bbox 1396 1358 1428 1400; x_wconf 89' lang='lat'>5,</span> <span class='ocrx_word' id='word_1_220' title='bbox 1455 1359 1487 1391; x_wconf 88' lang='lat'>2.</span> 
     </span>
    </p>

    <p class='ocr_par' dir='ltr' id='par_1_16' title="bbox 179 1401 1530 1542">
     <span class='ocr_line' id='line_1_28' title="bbox 179 1401 1530 1447; baseline 0.001 -11"><span class='ocrx_word' id='word_1_221' title='bbox 179 1401 280 1436; x_wconf 86' lang='lat' dir='ltr'>XVII</span> <span class='ocrx_word' id='word_1_222' title='bbox 307 1404 379 1446; x_wconf 88' lang='lat'>(83)</span> <span class='ocrx_word' id='word_1_223' title='bbox 407 1402 548 1437; x_wconf 84' lang='lat' dir='ltr'>Seneca</span> <span class='ocrx_word' id='word_1_224' title='bbox 581 1403 626 1437; x_wconf 90' lang='lat' dir='ltr'>de</span> <span class='ocrx_word' id='word_1_225' title='bbox 658 1403 777 1437; x_wconf 88' lang='lat' dir='ltr'>benef.</span> <span class='ocrx_word' id='word_1_226' title='bbox 806 1402 838 1436; x_wconf 89' lang='lat' dir='ltr'>II</span> <span class='ocrx_word' id='word_1_227' title='bbox 865 1407 901 1447; x_wconf 95' lang='lat'>1,</span> <span class='ocrx_word' id='word_1_228' title='bbox 935 1407 954 1437; x_wconf 93' lang='grc'>2</span> <span class='ocrx_word' id='word_1_229' title='bbox 987 1402 1177 1447; x_wconf 83' lang='lat' dir='ltr'>ingratum</span> <span class='ocrx_word' id='word_1_230' title='bbox 1210 1405 1266 1437; x_wconf 84' lang='lat' dir='ltr'>est</span> <span class='ocrx_word' id='word_1_231' title='bbox 1298 1403 1530 1446; x_wconf 85' lang='lat' dir='ltr'>beneficium,</span> 
     </span>
     <span class='ocr_line' id='line_1_29' title="bbox 322 1449 1530 1494; baseline 0.002 -11"><span class='ocrx_word' id='word_1_232' title='bbox 322 1449 420 1493; x_wconf 86' lang='lat' dir='ltr'>quod</span> <span class='ocrx_word' id='word_1_233' title='bbox 447 1449 511 1483; x_wconf 89' lang='lat' dir='ltr'>diu</span> <span class='ocrx_word' id='word_1_234' title='bbox 536 1450 633 1484; x_wconf 82' lang='lat' dir='ltr'>inter</span> <span class='ocrx_word' id='word_1_235' title='bbox 657 1461 789 1484; x_wconf 86' lang='lat' dir='ltr'>manus</span> <span class='ocrx_word' id='word_1_236' title='bbox 816 1449 940 1484; x_wconf 86' lang='lat' dir='ltr'>dantis</span> <span class='ocrx_word' id='word_1_237' title='bbox 965 1449 1089 1484; x_wconf 84' lang='lat' dir='ltr'>haesit</span> <span class='ocrx_word' id='word_1_238' title='bbox 1115 1476 1123 1483; x_wconf 92' lang='lat'>.</span> <span class='ocrx_word' id='word_1_239' title='bbox 1146 1478 1152 1485; x_wconf 91' lang='lat'>.</span> <span class='ocrx_word' id='word_1_240' title='bbox 1175 1477 1182 1483; x_wconf 93' lang='lat'>.</span> <span class='ocrx_word' id='word_1_241' title='bbox 1210 1449 1399 1494; x_wconf 81' lang='lat' dir='ltr'>proximus</span> <span class='ocrx_word' id='word_1_242' title='bbox 1426 1453 1483 1485; x_wconf 86' lang='lat' dir='ltr'>est</span> <span class='ocrx_word' id='word_1_243' title='bbox 1508 1462 1530 1485; x_wconf 83' lang='lat' dir='ltr'>a</span> 
     </span>
     <span class='ocr_line' id='line_1_30' title="bbox 323 1496 1350 1542; baseline 0.001 -12"><span class='ocrx_word' id='word_1_244' title='bbox 323 1497 485 1541; x_wconf 85' lang='lat' dir='ltr'>negante</span> <span class='ocrx_word' id='word_1_245' title='bbox 512 1496 576 1541; x_wconf 87' lang='lat' dir='ltr'>qui</span> <span class='ocrx_word' id='word_1_246' title='bbox 603 1496 793 1531; x_wconf 74' lang='lat' dir='ltr'>dubitauit</span> <span class='ocrx_word' id='word_1_247' title='bbox 817 1498 1033 1541; x_wconf 82' lang='lat' dir='ltr'>nullamque</span> <span class='ocrx_word' id='word_1_248' title='bbox 1059 1496 1152 1531; x_wconf 79' lang='lat' dir='ltr'>iniet</span> <span class='ocrx_word' id='word_1_249' title='bbox 1177 1497 1350 1542; x_wconf 75' lang='lat' dir='ltr'>gratiam.</span> 
     </span>
    </p>

    <p class='ocr_par' dir='ltr' id='par_1_17' title="bbox 178 1542 1529 1683">
     <span class='ocr_line' id='line_1_31' title="bbox 178 1542 1528 1589; baseline 0.001 -12"><span class='ocrx_word' id='word_1_250' title='bbox 178 1543 283 1577; x_wconf 85' lang='lat' dir='ltr'>XXII</span> <span class='ocrx_word' id='word_1_251' title='bbox 309 1545 383 1588; x_wconf 86' lang='lat'>(91)</span> <span class='ocrx_word' id='word_1_252' title='bbox 412 1547 428 1577; x_wconf 94' lang='lat'>1</span> <span class='ocrx_word' id='word_1_253' title='bbox 459 1542 492 1579; x_wconf 77' lang='lat' dir='ltr'>(l</span> <span class='ocrx_word' id='word_1_254' title='bbox 518 1555 574 1588; x_wconf 91' lang='lat' dir='ltr'>ep.</span> <span class='ocrx_word' id='word_1_255' title='bbox 602 1548 672 1587; x_wconf 73' lang='lat' dir='ltr'>56,v</span> <span class='ocrx_word' id='word_1_256' title='bbox 688 1548 705 1577; x_wconf 88' lang='lat'>1</span> <span class='ocrx_word' id='word_1_257' title='bbox 733 1545 829 1578; x_wconf 84' lang='lat' dir='ltr'>hane</span> <span class='ocrx_word' id='word_1_258' title='bbox 854 1544 939 1578; x_wconf 89' lang='lat' dir='ltr'>uolo</span> <span class='ocrx_word' id='word_1_259' title='bbox 966 1555 1060 1588; x_wconf 85' lang='lat' dir='ltr'>quae</span> <span class='ocrx_word' id='word_1_260' title='bbox 1085 1555 1159 1578; x_wconf 89' lang='lat' dir='ltr'>non</span> <span class='ocrx_word' id='word_1_261' title='bbox 1185 1545 1277 1586; x_wconf 83' lang='lat' dir='ltr'>uult,</span> <span class='ocrx_word' id='word_1_262' title='bbox 1303 1544 1408 1578; x_wconf 81' lang='lat' dir='ltr'>illam</span> <span class='ocrx_word' id='word_1_263' title='bbox 1434 1556 1528 1589; x_wconf 85' lang='lat' dir='ltr'>quae</span> 
     </span>
     <span class='ocr_line' id='line_1_32' title="bbox 320 1590 1529 1636; baseline 0.002 -12"><span class='ocrx_word' id='word_1_264' title='bbox 320 1591 415 1635; x_wconf 86' lang='lat' dir='ltr'>uult,</span> <span class='ocrx_word' id='word_1_265' title='bbox 437 1601 505 1635; x_wconf 86' lang='lat' dir='ltr'>ego</span> <span class='ocrx_word' id='word_1_266' title='bbox 525 1591 624 1627; x_wconf 87' lang='lat' dir='ltr'>nolo.</span> <span class='ocrx_word' id='word_1_267' title='bbox 658 1590 764 1626; x_wconf 87' lang='lat' dir='ltr'>Ouid.</span> <span class='ocrx_word' id='word_1_268' title='bbox 780 1594 863 1625; x_wconf 89' lang='lat' dir='ltr'>Am.</span> <span class='ocrx_word' id='word_1_269' title='bbox 887 1591 918 1624; x_wconf 90' lang='lat' dir='ltr'>II</span> <span class='ocrx_word' id='word_1_270' title='bbox 939 1595 981 1625; x_wconf 82' lang='lat'>19</span> <span class='ocrx_word' id='word_1_271' title='bbox 1004 1593 1061 1635; x_wconf 87' lang='lat'>(36</span> <span class='ocrx_word' id='word_1_272' title='bbox 1087 1591 1185 1635; x_wconf 89' lang='lat' dir='ltr'>quod</span> <span class='ocrx_word' id='word_1_273' title='bbox 1206 1591 1380 1635; x_wconf 85' lang='lat' dir='ltr'>sequitur,</span> <span class='ocrx_word' id='word_1_274' title='bbox 1406 1591 1529 1636; x_wconf 76' lang='lat' dir='ltr'>fugio3</span> 
     </span>
     <span class='ocr_line' id='line_1_33' title="bbox 322 1636 1388 1683; baseline 0.001 -11"><span class='ocrx_word' id='word_1_275' title='bbox 322 1638 420 1681; x_wconf 90' lang='lat' dir='ltr'>quod</span> <span class='ocrx_word' id='word_1_276' title='bbox 444 1638 544 1682; x_wconf 87' lang='lat' dir='ltr'>fugit</span> <span class='ocrx_word' id='word_1_277' title='bbox 568 1638 647 1682; x_wconf 84' lang='lat' dir='ltr'>ipse</span> <span class='ocrx_word' id='word_1_278' title='bbox 675 1649 816 1682; x_wconf 88' lang='lat' dir='ltr'>sequor.</span> <span class='ocrx_word' id='word_1_279' title='bbox 868 1637 1030 1673; x_wconf 85' lang='lat' dir='ltr'>Martial.</span> <span class='ocrx_word' id='word_1_280' title='bbox 1058 1639 1090 1673; x_wconf 92' lang='lat' dir='ltr'>V</span> <span class='ocrx_word' id='word_1_281' title='bbox 1118 1642 1160 1673; x_wconf 89' lang='lat'>83</span> <span class='ocrx_word' id='word_1_282' title='bbox 1189 1636 1222 1673; x_wconf 77' lang='lat' dir='ltr'>(I</span> <span class='ocrx_word' id='word_1_283' title='bbox 1249 1649 1304 1683; x_wconf 88' lang='lat' dir='ltr'>ep.</span> <span class='ocrx_word' id='word_1_284' title='bbox 1332 1642 1388 1673; x_wconf 87' lang='lat'>39.</span> 
     </span>
    </p>

    <p class='ocr_par' dir='ltr' id='par_1_18' title="bbox 278 1684 1532 1823">
     <span class='ocr_line' id='line_1_34' title="bbox 278 1684 1530 1730; baseline 0 -10"><span class='ocrx_word' id='word_1_285' title='bbox 278 1689 298 1720; x_wconf 90' lang='lat'>5</span> <span class='ocrx_word' id='word_1_286' title='bbox 325 1697 378 1729; x_wconf 90' lang='lat' dir='ltr'>sq.</span> <span class='ocrx_word' id='word_1_287' title='bbox 406 1684 570 1720; x_wconf 77' lang='lat' dir='ltr'>Martial.</span> <span class='ocrx_word' id='word_1_288' title='bbox 599 1685 649 1719; x_wconf 95' lang='lat' dir='ltr'>VI</span> <span class='ocrx_word' id='word_1_289' title='bbox 678 1690 731 1729; x_wconf 86' lang='lat'>11,</span> <span class='ocrx_word' id='word_1_290' title='bbox 759 1689 779 1719; x_wconf 93' lang='grc'>8</span> <span class='ocrx_word' id='word_1_291' title='bbox 805 1686 862 1720; x_wconf 82' lang='grc'>1113</span> <span class='ocrx_word' id='word_1_292' title='bbox 889 1688 926 1720; x_wconf 81' lang='lat' dir='ltr'>te</span> <span class='ocrx_word' id='word_1_293' title='bbox 952 1696 1188 1730; x_wconf 87' lang='lat' dir='ltr'>purpureum,</span> <span class='ocrx_word' id='word_1_294' title='bbox 1219 1685 1353 1728; x_wconf 79' lang='lat' dir='ltr'>Marce,</span> <span class='ocrx_word' id='word_1_295' title='bbox 1380 1686 1530 1730; x_wconf 81' lang='lat' dir='ltr'>sagatus</span> 
     </span>
     <span class='ocr_line' id='line_1_35' title="bbox 323 1732 1532 1777; baseline 0.001 -11"><span class='ocrx_word' id='word_1_296' title='bbox 323 1736 467 1766; x_wconf 80' lang='lat' dir='ltr'>amem?</span> <span class='ocrx_word' id='word_1_297' title='bbox 511 1733 553 1767; x_wconf 93' lang='lat' dir='ltr'>ut</span> <span class='ocrx_word' id='word_1_298' title='bbox 595 1733 783 1777; x_wconf 77' lang='lat' dir='ltr'>praestem</span> <span class='ocrx_word' id='word_1_299' title='bbox 826 1732 1009 1777; x_wconf 79' lang='lat' dir='ltr'>Pyladen,</span> <span class='ocrx_word' id='word_1_300' title='bbox 1054 1732 1188 1777; x_wconf 82' lang='lat' dir='ltr'>aliquis</span> <span class='ocrx_word' id='word_1_301' title='bbox 1231 1732 1325 1766; x_wconf 85' lang='lat' dir='ltr'>mihi</span> <span class='ocrx_word' id='word_1_302' title='bbox 1368 1734 1532 1777; x_wconf 85' lang='lat' dir='ltr'>praestet</span> 
     </span>
     <span class='ocr_line' id='line_1_36' title="bbox 325 1779 1468 1823; baseline 0 -10"><span class='ocrx_word' id='word_1_303' title='bbox 325 1779 492 1813; x_wconf 87' lang='lat' dir='ltr'>Oresten.</span> <span class='ocrx_word' id='word_1_304' title='bbox 543 1780 614 1815; x_wconf 83' lang='lat' dir='ltr'>hoe</span> <span class='ocrx_word' id='word_1_305' title='bbox 639 1791 711 1814; x_wconf 91' lang='lat' dir='ltr'>non</span> <span class='ocrx_word' id='word_1_306' title='bbox 737 1780 780 1814; x_wconf 90' lang='lat' dir='ltr'>fit</span> <span class='ocrx_word' id='word_1_307' title='bbox 805 1779 941 1822; x_wconf 85' lang='lat' dir='ltr'>uerbis,</span> <span class='ocrx_word' id='word_1_308' title='bbox 968 1779 1109 1814; x_wconf 81' lang='lat' dir='ltr'>Marce:</span> <span class='ocrx_word' id='word_1_309' title='bbox 1136 1782 1178 1814; x_wconf 89' lang='lat' dir='ltr'>ut</span> <span class='ocrx_word' id='word_1_310' title='bbox 1202 1779 1346 1823; x_wconf 79' lang='lat' dir='ltr'>ameris,</span> <span class='ocrx_word' id='word_1_311' title='bbox 1373 1791 1468 1815; x_wconf 83' lang='lat' dir='ltr'>ama.</span> 
     </span>
    </p>

    <p class='ocr_par' dir='ltr' id='par_1_19' title="bbox 180 1825 1530 2012">
     <span class='ocr_line' id='line_1_37' title="bbox 180 1825 1529 1871; baseline 0.001 -11"><span class='ocrx_word' id='word_1_312' title='bbox 180 1825 301 1860; x_wconf 82' lang='lat' dir='ltr'>XXIII</span> <span class='ocrx_word' id='word_1_313' title='bbox 328 1827 401 1870; x_wconf 88' lang='lat'>(92)</span> <span class='ocrx_word' id='word_1_314' title='bbox 430 1831 450 1861; x_wconf 85' lang='lat'>6</span> <span class='ocrx_word' id='word_1_315' title='bbox 476 1827 624 1861; x_wconf 87' lang='lat' dir='ltr'>Terent.</span> <span class='ocrx_word' id='word_1_316' title='bbox 652 1827 786 1861; x_wconf 78' lang='lat' dir='ltr'>Heaut.</span> <span class='ocrx_word' id='word_1_317' title='bbox 813 1830 880 1861; x_wconf 88' lang='grc'>322</span> <span class='ocrx_word' id='word_1_318' title='bbox 903 1839 954 1870; x_wconf 85' lang='lat' dir='ltr'>sq.</span> <span class='ocrx_word' id='word_1_319' title='bbox 982 1828 1038 1861; x_wconf 87' lang='lat' dir='ltr'>uis</span> <span class='ocrx_word' id='word_1_320' title='bbox 1065 1838 1207 1868; x_wconf 84' lang='lat' dir='ltr'>amare,</span> <span class='ocrx_word' id='word_1_321' title='bbox 1233 1825 1290 1860; x_wconf 86' lang='lat' dir='ltr'>uis</span> <span class='ocrx_word' id='word_1_322' title='bbox 1316 1826 1445 1871; x_wconf 84' lang='lat' dir='ltr'>potiri,</span> <span class='ocrx_word' id='word_1_323' title='bbox 1472 1827 1529 1862; x_wconf 83' lang='lat' dir='ltr'>uis</span> 
     </span>
     <span class='ocr_line' id='line_1_38' title="bbox 324 1873 1530 1918; baseline 0.001 -11"><span class='ocrx_word' id='word_1_324' title='bbox 324 1874 422 1916; x_wconf 86' lang='lat' dir='ltr'>quod</span> <span class='ocrx_word' id='word_1_325' title='bbox 449 1874 512 1908; x_wconf 84' lang='lat' dir='ltr'>des</span> <span class='ocrx_word' id='word_1_326' title='bbox 538 1873 595 1907; x_wconf 90' lang='lat' dir='ltr'>illi</span> <span class='ocrx_word' id='word_1_327' title='bbox 621 1874 735 1916; x_wconf 85' lang='lat' dir='ltr'>effici;</span> <span class='ocrx_word' id='word_1_328' title='bbox 762 1875 865 1908; x_wconf 88' lang='lat' dir='ltr'>tuom</span> <span class='ocrx_word' id='word_1_329' title='bbox 892 1884 969 1908; x_wconf 83' lang='lat' dir='ltr'>esse</span> <span class='ocrx_word' id='word_1_330' title='bbox 996 1874 1034 1908; x_wconf 86' lang='lat' dir='ltr'>in</span> <span class='ocrx_word' id='word_1_331' title='bbox 1058 1874 1236 1917; x_wconf 76' lang='lat' dir='ltr'>potiundo</span> <span class='ocrx_word' id='word_1_332' title='bbox 1257 1874 1436 1918; x_wconf 85' lang='lat' dir='ltr'>periclum</span> <span class='ocrx_word' id='word_1_333' title='bbox 1457 1886 1530 1909; x_wconf 87' lang='lat' dir='ltr'>non</span> 
     </span>
     <span class='ocr_line' id='line_1_39' title="bbox 323 1919 1530 1966; baseline 0.002 -13"><span class='ocrx_word' id='word_1_334' title='bbox 323 1919 395 1955; x_wconf 87' lang='lat' dir='ltr'>uis:</span> <span class='ocrx_word' id='word_1_335' title='bbox 426 1921 528 1955; x_wconf 83' lang='lat' dir='ltr'>haud</span> <span class='ocrx_word' id='word_1_336' title='bbox 554 1921 665 1955; x_wconf 85' lang='lat' dir='ltr'>stulte</span> <span class='ocrx_word' id='word_1_337' title='bbox 692 1920 801 1965; x_wconf 81' lang='lat' dir='ltr'>sapis,</span> <span class='ocrx_word' id='word_1_338' title='bbox 829 1920 1011 1965; x_wconf 79' lang='lat' dir='ltr'>siquidem</span> <span class='ocrx_word' id='word_1_339' title='bbox 1037 1920 1077 1954; x_wconf 88' lang='lat' dir='ltr'>id</span> <span class='ocrx_word' id='word_1_340' title='bbox 1103 1922 1280 1966; x_wconf 84' lang='lat' dir='ltr'>superest,</span> <span class='ocrx_word' id='word_1_341' title='bbox 1306 1920 1403 1956; x_wconf 86' lang='lat' dir='ltr'>uelle</span> <span class='ocrx_word' id='word_1_342' title='bbox 1429 1923 1466 1956; x_wconf 89' lang='lat' dir='ltr'>te</span> <span class='ocrx_word' id='word_1_343' title='bbox 1491 1921 1530 1955; x_wconf 82' lang='lat' dir='ltr'>id</span> 
     </span>
     <span class='ocr_line' id='line_1_40' title="bbox 324 1967 924 2012; baseline 0.002 -12"><span class='ocrx_word' id='word_1_344' title='bbox 324 1967 423 2011; x_wconf 86' lang='lat' dir='ltr'>quod</span> <span class='ocrx_word' id='word_1_345' title='bbox 448 1979 521 2002; x_wconf 92' lang='lat' dir='ltr'>non</span> <span class='ocrx_word' id='word_1_346' title='bbox 547 1969 674 2012; x_wconf 87' lang='lat' dir='ltr'>potest</span> <span class='ocrx_word' id='word_1_347' title='bbox 700 1968 924 2012; x_wconf 82' lang='lat' dir='ltr'>contingere.</span> 
     </span>
    </p>

    <p class='ocr_par' dir='ltr' id='par_1_20' title="bbox 182 2013 1278 2058">
     <span class='ocr_line' id='line_1_41' title="bbox 182 2013 1278 2058; baseline 0 -10"><span class='ocrx_word' id='word_1_348' title='bbox 182 2013 322 2048; x_wconf 88' lang='lat' dir='ltr'>XXIIII</span> <span class='ocrx_word' id='word_1_349' title='bbox 349 2015 421 2058; x_wconf 82' lang='lat'>(72)</span> <span class='ocrx_word' id='word_1_350' title='bbox 448 2013 633 2049; x_wconf 82' lang='lat' dir='ltr'>Achillas:</span> <span class='ocrx_word' id='word_1_351' title='bbox 660 2013 820 2049; x_wconf 82' lang='lat' dir='ltr'>Martial.</span> <span class='ocrx_word' id='word_1_352' title='bbox 850 2015 900 2048; x_wconf 90' lang='lat' dir='ltr'>III</span> <span class='ocrx_word' id='word_1_353' title='bbox 927 2019 983 2058; x_wconf 89' lang='grc'>91,</span> <span class='ocrx_word' id='word_1_354' title='bbox 1010 2019 1041 2049; x_wconf 91' lang='grc'>3.</span> <span class='ocrx_word' id='word_1_355' title='bbox 1068 2014 1136 2049; x_wconf 91' lang='lat' dir='ltr'>VII</span> <span class='ocrx_word' id='word_1_356' title='bbox 1163 2019 1219 2058; x_wconf 83' lang='lat'>57,</span> <span class='ocrx_word' id='word_1_357' title='bbox 1248 2018 1278 2048; x_wconf 89' lang='lat'>1.</span> 
     </span>
    </p>

    <p class='ocr_par' dir='ltr' id='par_1_21' title="bbox 278 2061 1530 2199">
     <span class='ocr_line' id='line_1_42' title="bbox 278 2061 1473 2106; baseline 0.002 -11"><span class='ocrx_word' id='word_1_358' title='bbox 278 2065 299 2095; x_wconf 91' lang='lat'>8</span> <span class='ocrx_word' id='word_1_359' title='bbox 327 2061 433 2095; x_wconf 85' lang='lat' dir='ltr'>Ouid.</span> <span class='ocrx_word' id='word_1_360' title='bbox 461 2061 499 2096; x_wconf 87' lang='lat' dir='ltr'>F.</span> <span class='ocrx_word' id='word_1_361' title='bbox 527 2062 558 2095; x_wconf 92' lang='lat' dir='ltr'>V</span> <span class='ocrx_word' id='word_1_362' title='bbox 585 2066 629 2096; x_wconf 91' lang='lat'>42</span> <span class='ocrx_word' id='word_1_363' title='bbox 656 2062 770 2096; x_wconf 87' lang='lat' dir='ltr'>uertit</span> <span class='ocrx_word' id='word_1_364' title='bbox 795 2061 833 2095; x_wconf 89' lang='lat' dir='ltr'>in</span> <span class='ocrx_word' id='word_1_365' title='bbox 859 2064 1028 2096; x_wconf 74' lang='lat' dir='ltr'>auctores</span> <span class='ocrx_word' id='word_1_366' title='bbox 1054 2063 1219 2106; x_wconf 84' lang='lat' dir='ltr'>pondera</span> <span class='ocrx_word' id='word_1_367' title='bbox 1243 2063 1353 2096; x_wconf 82' lang='lat' dir='ltr'>uasta.</span> <span class='ocrx_word' id='word_1_368' title='bbox 1378 2073 1473 2097; x_wconf 83' lang='lat' dir='ltr'>suos.</span> 
     </span>
     <span class='ocr_line' id='line_1_43' title="bbox 323 2107 1530 2144; baseline 0.002 -3"><span class='ocrx_word' id='word_1_369' title='bbox 323 2107 470 2143; x_wconf 90' lang='lat' dir='ltr'>Alberti</span> <span class='ocrx_word' id='word_1_370' title='bbox 496 2108 687 2143; x_wconf 82' lang='lat' dir='ltr'>Stadensis</span> <span class='ocrx_word' id='word_1_371' title='bbox 726 2108 870 2143; x_wconf 82' lang='lat' dir='ltr'>Troilus</span> <span class='ocrx_word' id='word_1_372' title='bbox 906 2108 974 2143; x_wconf 90' lang='lat' dir='ltr'>IIII</span> <span class='ocrx_word' id='word_1_373' title='bbox 1009 2113 1075 2143; x_wconf 86' lang='lat'>322</span> <span class='ocrx_word' id='word_1_374' title='bbox 1115 2108 1235 2143; x_wconf 78' lang='lat' dir='ltr'>diseat</span> <span class='ocrx_word' id='word_1_375' title='bbox 1271 2108 1309 2143; x_wconf 89' lang='lat' dir='ltr'>in</span> <span class='ocrx_word' id='word_1_376' title='bbox 1341 2110 1530 2144; x_wconf 78' lang='lat' dir='ltr'>auctorem</span> 
     </span>
     <span class='ocr_line' id='line_1_44' title="bbox 324 2156 734 2199; baseline 0.002 -10"><span class='ocrx_word' id='word_1_377' title='bbox 324 2166 446 2199; x_wconf 87' lang='lat' dir='ltr'>poena</span> <span class='ocrx_word' id='word_1_378' title='bbox 470 2156 590 2190; x_wconf 87' lang='lat' dir='ltr'>redire</span> <span class='ocrx_word' id='word_1_379' title='bbox 617 2167 734 2190; x_wconf 87' lang='lat' dir='ltr'>suum.</span> 
     </span>
    </p>

    <p class='ocr_par' dir='ltr' id='par_1_22' title="bbox 182 2201 1531 2341">
     <span class='ocr_line' id='line_1_45' title="bbox 182 2201 1531 2247; baseline 0.001 -11"><span class='ocrx_word' id='word_1_380' title='bbox 182 2202 301 2237; x_wconf 88' lang='lat' dir='ltr'>XXVI</span> <span class='ocrx_word' id='word_1_381' title='bbox 327 2204 375 2244; x_wconf 93' lang='lat'>(1)</span> <span class='ocrx_word' id='word_1_382' title='bbox 403 2207 423 2237; x_wconf 92' lang='lat'>2</span> <span class='ocrx_word' id='word_1_383' title='bbox 463 2201 556 2238; x_wconf 88' lang='lat' dir='ltr'>Gell.</span> <span class='ocrx_word' id='word_1_384' title='bbox 589 2203 657 2238; x_wconf 92' lang='lat' dir='ltr'>VII</span> <span class='ocrx_word' id='word_1_385' title='bbox 690 2207 729 2246; x_wconf 88' lang='lat'>6,</span> <span class='ocrx_word' id='word_1_386' title='bbox 768 2208 787 2237; x_wconf 91' lang='lat'>5</span> <span class='ocrx_word' id='word_1_387' title='bbox 821 2203 898 2245; x_wconf 89' lang='lat' dir='ltr'>(Cn.</span> <span class='ocrx_word' id='word_1_388' title='bbox 939 2202 1090 2247; x_wconf 83' lang='lat' dir='ltr'>Matius)</span> <span class='ocrx_word' id='word_1_389' title='bbox 1130 2202 1167 2236; x_wconf 92' lang='lat' dir='ltr'>in</span> <span class='ocrx_word' id='word_1_390' title='bbox 1207 2204 1367 2237; x_wconf 85' lang='lat' dir='ltr'>secundo</span> <span class='ocrx_word' id='word_1_391' title='bbox 1404 2202 1531 2238; x_wconf 84' lang='lat' dir='ltr'>Iliadis</span> 
     </span>
     <span class='ocr_line' id='line_1_46' title="bbox 326 2249 1529 2295; baseline 0.002 -12"><span class='ocrx_word' id='word_1_392' title='bbox 326 2249 533 2284; x_wconf 76' lang='lat' dir='ltr'>Victoriam</span> <span class='ocrx_word' id='word_1_393' title='bbox 558 2250 748 2285; x_wconf 82' lang='lat' dir='ltr'>uolucrem</span> <span class='ocrx_word' id='word_1_394' title='bbox 774 2251 989 2295; x_wconf 76' lang='lat' dir='ltr'>praepetem</span> <span class='ocrx_word' id='word_1_395' title='bbox 1015 2249 1221 2294; x_wconf 80' lang='lat' dir='ltr'>appellauit</span> <span class='ocrx_word' id='word_1_396' title='bbox 1246 2250 1285 2284; x_wconf 91' lang='lat' dir='ltr'>in</span> <span class='ocrx_word' id='word_1_397' title='bbox 1311 2250 1380 2284; x_wconf 85' lang='lat' dir='ltr'>hoc</span> <span class='ocrx_word' id='word_1_398' title='bbox 1405 2261 1529 2285; x_wconf 82' lang='lat' dir='ltr'>uersu:</span> 
     </span>
     <span class='ocr_line' id='line_1_47' title="bbox 327 2296 1292 2341; baseline 0.002 -11"><span class='ocrx_word' id='word_1_399' title='bbox 327 2296 424 2331; x_wconf 89' lang='lat' dir='ltr'>Dum</span> <span class='ocrx_word' id='word_1_400' title='bbox 452 2297 516 2331; x_wconf 85' lang='lat' dir='ltr'>dat</span> <span class='ocrx_word' id='word_1_401' title='bbox 541 2297 715 2332; x_wconf 83' lang='lat' dir='ltr'>uincendi</span> <span class='ocrx_word' id='word_1_402' title='bbox 741 2308 897 2341; x_wconf 82' lang='lat' dir='ltr'>praepes</span> <span class='ocrx_word' id='word_1_403' title='bbox 924 2297 1093 2331; x_wconf 76' lang='lat' dir='ltr'>Victoria</span> <span class='ocrx_word' id='word_1_404' title='bbox 1119 2297 1292 2341; x_wconf 84' lang='lat' dir='ltr'>palmam.</span> 
     </span>
    </p>
   </div>
  </div>
 </body>
</html>
