1563 2511
663 67 947 108 „gg-3„-

134 172 311 214 Caelebs
343 187 527 226 namque
560 186 690 226 gener
720 171 826 213 haec
857 186 968 212 nunc
1002 173 1072 225 pia
1105 187 1280 214 munera
1312 173 1447 214 solvo:

191 231 303 273 Nam
336 234 377 272 et
409 231 576 272 caelebs
609 245 842 284 numquam
875 230 1068 272 desinam
1102 234 1144 272 et
1176 246 1268 273 esse
1300 245 1441 286 gener.

9 400 10 405 ¹
61 408 136 439 [mg]
319 393 434 428 VIIII.
473 392 679 427 ATTVSIA
704 392 900 428 LVCANA
928 393 1104 428 SABINA
1130 393 1274 429 VXOR.

132 489 349 531 Hactenus
382 492 430 530 ut
462 504 601 539 caros,
634 490 697 530 ita
728 490 841 530 iusto
873 489 1022 530 funere
1054 489 1178 530 fletos

190 548 355 590 Functa
387 549 469 602 piis
503 549 657 589 cecinit
689 549 819 589 nenia
850 552 1000 589 nostra
1031 548 1182 589 modis.

130 607 255 649 Nunc
288 608 409 648 dolor
441 610 568 661 atque
602 622 745 648 cruces
776 621 854 648 nec
886 607 1193 648 contrectabile
1225 608 1397 662 uulnus,

189 665 394 721 Coniugis
428 670 598 720 ereptae
630 681 744 707 mors
777 665 1055 707 memoranda
1087 665 1205 708 mihi.

130 724 300 766 Nobilis
333 740 357 766 a
389 725 563 779 proauis
598 727 640 765 et
672 725 834 779 origine
869 725 987 766 clara
1019 727 1211 778 senatus⁷

189 783 382 825 Moribus
417 786 543 838 atque
576 784 699 825 bonis
734 784 851 825 clara
884 782 1041 824 Sabina
1074 784 1225 838 magis.

131 842 191 884 Te
223 843 388 884 iuuenis
420 843 572 896 primis
604 843 691 883 luxi
726 842 926 896 deceptus
959 843 1002 882 in
1036 843 1158 884 annis

188 901 351 956 Perque
383 916 536 942 nouem
569 902 736 943 caelebs
768 904 810 942 te
843 901 925 942 fleo
958 901 1247 956 Olympiadas.

130 960 219 1002 Nec
251 961 352 1001 licet
385 960 615 1001 obductum
648 960 766 1001 senio
799 961 941 1014 sopire
974 960 1180 1002 dolorem:

190 1018 366 1073 Semper
397 1020 608 1060 crudescit
639 1034 739 1060 nam
772 1019 877 1059 mihi
909 1033 1042 1072 paene
1075 1033 1232 1061 recens
1433 1032 1475 1063 10

130 1078 382 1119 Admittunt
414 1078 487 1119 alii
521 1079 680 1120 solacia
711 1078 916 1131 temporis
949 1078 1085 1132 aegri:

188 1136 305 1178 Haec
338 1137 539 1192 grauiora
569 1137 674 1178 facit
706 1136 884 1177 uulnera
916 1137 1047 1191 longa
1080 1137 1180 1178 dies.

130 1195 327 1250 Torqueo
360 1195 559 1249 deceptos
593 1209 672 1249 ego
705 1196 797 1236 uita
830 1195 991 1236 caelibe
1026 1210 1153 1237 canos

189 1254 365 1309 Quoque
398 1254 538 1309 magis
571 1255 707 1307 solus,
739 1254 820 1296 hoc
854 1268 977 1308 mage
1011 1257 1200 1296 maestus
1235 1269 1326 1310 ago.

128 1312 297 1354 Vulnus
331 1313 426 1367 alit7
459 1313 572 1367 quod
599 1315 718 1354 muta
744 1312 893 1354 domus
922 1313 1020 1354 silet
1047 1317 1089 1355 et
1114 1316 1234 1355 torus
1263 1315 1398 1370 alget,
1432 1326 1475 1357 15

189 1372 311 1421 Quod
344 1372 460 1413 mala
490 1387 578 1413 non
610 1372 826 1426 cuiquam,
857 1386 944 1413 non
976 1372 1089 1414 bona
1120 1374 1346 1427 participo.

127 1431 318 1484 Maereo,
351 1431 386 1472 si
419 1432 600 1473 coniunx
634 1432 706 1472 alii
741 1432 870 1483 bona3
902 1445 1072 1473 maereo
1106 1435 1273 1485 contra,

188 1488 233 1531 Si
265 1490 396 1530 mala:
433 1490 484 1530 ad
519 1490 759 1544 exemplum
792 1493 839 1530 tu
871 1489 977 1530 mihi
1011 1505 1178 1545 semper
1209 1491 1321 1533 ades.

128 1549 191 1590 Tu
217 1548 323 1589 mihi
350 1563 452 1590 crux
480 1549 533 1590 ab
559 1551 740 1603 utraque
767 1549 905 1590 uenis:
934 1549 1025 1590 siue
1051 1554 1116 1591 est
1142 1550 1269 1604 mala,
1295 1551 1409 1605 quod
1428 1553 1475 1592 tu

187 1607 422 1649 Dissimilis
453 1607 603 1663 fueris3
637 1622 709 1649 seu
742 1608 873 1658 bona,
907 1608 1020 1662 quod
1053 1609 1220 1651 similis.
1431 1621 1475 1651 20

1456 737 1475 766 01

149 1795 155 1800 1
209 1750 380 1828 ¹318Vnam
406 1748 471 1782 del.
501 1747 632 1791 Peiper
660 1748 664 1790 Ι
700 1747 824 1790 celeps
858 1747 891 1780 V
918 1749 922 1790 Ι
954 1747 1119 1782 desinam
1148 1750 1186 1782 et
1212 1749 1389 1784 Heinsius
1415 1751 1475 1785 de-

128 1805 205 1829 sule

223 1853 326 1887 VIIII
360 1857 381 1887 2
409 1852 559 1887 cecinit:
585 1855 603 1886 t
627 1864 670 1887 em
697 1863 719 1886 a
744 1854 816 1889 alst?
839 1853 872 1886 V
942 1858 962 1887 3
990 1854 1112 1898 adque
1139 1865 1264 1889 cruces
1299 1856 1355 1899 V}
1389 1867 1473 1891 con-

127 1900 322 1935 trectauile
356 1900 412 1944 Vl
435 1901 569 1934 uulnus
595 1900 726 1944 Peiper
751 1900 892 1935 fulmen
926 1901 960 1933 V
1042 1905 1064 1935 4
1090 1901 1177 1935 mici
1211 1901 1243 1935 V
1326 1906 1346 1937 5
1374 1905 1475 1939 clara

127 1948 301 1992 Luydun.
330 1948 388 1982 cla
422 1948 453 1980 V
549 1952 568 1982 6
594 1948 759 1982 moribus
786 1950 898 1992 atque
927 1948 1059 1992 Peiper
1096 1949 1336 1994 moribusque
1369 1951 1407 1994 (b
1433 1952 1475 1985 in

128 1996 166 2030 bs
192 1996 254 2039 al.)
281 1995 316 2029 V
337 1994 500 2030 moribus
526 2006 641 2039 usque
669 1996 838 2039 Luyduiz.
916 1999 935 2030 7
962 1995 1106 2030 iubenis
1131 1996 1187 2037 V!
1210 1997 1298 2031 luxu
1325 1997 1359 2031 V
1382 2009 1473 2033 corr.

135 2042 284 2077 Vinctus
319 2044 323 2087 Ι
357 2043 548 2087 deceptus]
571 2044 608 2086 (q
635 2053 735 2077 eraso
748 2044 776 2087 22)
811 2042 845 2076 V
938 2046 959 2077 8
985 2043 1119 2077 nobem
1153 2043 1216 2087 Vl
1252 2045 1375 2089 celeps
1409 2045 1470 2091 V}

129 2089 348 2133 olimpiadas
380 2089 415 2123 V
484 2092 527 2123 10
553 2089 639 2124 mici
667 2089 724 2133 Vl
746 2100 844 2134 pena
868 2089 903 2123 V
922 2101 1041 2134 paene
1068 2090 1248 2126 Heinsius
1324 2096 1365 2126 12
1392 2103 1474 2137 gra-

128 2136 232 2171 biera
263 2137 296 2170 V
392 2141 434 2171 13
468 2147 579 2171 canus
611 2137 646 2170 V
673 2148 763 2172 cor-r.
790 2137 962 2182 Lussdim.
1063 2142 1106 2172 15
1138 2138 1271 2173 uolnus
1303 2138 1338 2172 V
1431 2142 1473 2173 17

128 2191 248 2241 meri-ic
275 2209 382 2242 ontra
408 2209 458 2250 (re
486 2208 531 2242 al.
555 2209 597 2242 in
621 2219 693 2242 ms.
721 2209 832 2242 unius
858 2221 875 2242 r
901 2209 981 2249 litt,
1009 2219 1029 2243 o
1050 2209 1096 2243 al.
1117 2210 1178 2252 ss.)
1213 2209 1247 2242 V
1319 2212 1361 2243 18
1387 2209 1471 2244 mici

136 2254 170 2287 V
265 2258 306 2289 19
340 2253 427 2288 mici
463 2254 497 2289 V
533 2256 537 2300 Ι
578 2254 657 2290 sibe
691 2256 724 2289 V
818 2259 863 2289 20
894 2255 1050 2300 gaudia:
1079 2267 1139 2299 pr.
1173 2266 1194 2289 a
1226 2267 1268 2290 ex
1295 2256 1307 2289 l
1333 2257 1475 2300 incepto

127 2302 251 2336 statim
275 2312 366 2336 corr.
399 2301 434 2335 V
