1563 2511
601 24 864 64 —4-

0 169 58 194 [ΙΙΙ
80 168 158 198 [469]
277 165 458 197 DOMINO
490 165 587 196 MEO
620 166 680 195 ET
715 166 899 196 OMNIVM
932 165 1198 196 THEODOSIO

417 224 631 255 AVGVSTO
664 224 891 256 AVSONIVS
925 224 1052 255 TVVS.

64 297 316 353 Agricolam
349 297 385 338 si
415 296 529 337 flaua
561 294 689 338 Ceres
723 296 823 337 dare
856 296 1020 337 semina
1051 298 1208 348 terrae,

125 355 340 398 Gradiuus
371 355 518 397 iubeat
551 356 587 397 si
620 369 771 409 capere
803 370 923 396 arma
955 355 1122 408 ducem,

66 415 240 458 Soluere
273 415 323 456 de
355 416 483 469 portu
517 415 698 456 classem
730 414 956 468 Neptunus
988 414 1212 455 inermem:

124 474 275 516 Fidere
307 476 398 515 tam
429 473 495 515 fas
528 477 610 527 esis,
642 488 770 527 quam
802 473 997 514 dubitare
1029 473 1168 526 nefas3

66 534 273 576 Insanum
306 533 503 588 quamuis
535 533 698 574 hiemet
729 547 846 574 mare
879 532 1090 587 crudaque
1121 532 1252 573 tellus
1395 543 1414 573 5

127 592 390 646 Seminibus,
421 592 537 634 bello
570 606 647 633 nec
680 592 784 633 satis
817 594 920 646 apta
951 606 1116 633 manus.

67 650 144 693 Nil
176 651 344 693 dubites
379 653 552 692 auctore
583 651 711 693 bono.
773 651 976 692 mortalia
1009 654 1220 705 quaerunt

128 709 377 752 Consilium.
428 713 568 751 certus
600 710 719 751 iussa
750 724 924 765 capesse
958 710 1036 751 dei.

69 769 264 813 Scribere
296 783 363 810 me
396 768 622 825 Augustus
654 769 775 810 iubet
806 773 849 810 el:
881 783 976 810 mea
1008 769 1197 810 carmina
1228 769 1370 822 poscih

127 828 271 870 Paene
303 841 480 883 rogans:
514 828 671 870 blando
704 827 770 869 uis
802 828 909 869 latet
940 828 1133 882 imperio.
1376 838 1417 869 10

67 887 167 930 Non
197 887 338 929 habeo
370 887 609 941 ingenium,
642 885 800 928 Caesar
832 887 904 928 sed
936 887 1077 928 iussit:
1109 887 1289 928 habebo.

102 941 215 988 'Cur
247 961 314 987 me
346 960 472 1000 posse
504 960 675 1002 negem,
707 960 835 1000 posse
868 946 981 1000 quod
1012 946 1084 987 ille
1116 945 1271 999 putat?

67 1005 285 1046 Inualidas
318 1006 432 1046 uires
464 1005 555 1060 ipse
591 1005 750 1046 excitat
782 1007 824 1046 et
855 1005 976 1046 iuuat
1006 1005 1136 1058 idem,

130 1064 213 1114 Qui
244 1064 381 1105 iubet:
415 1064 670 1119 obsequium
703 1064 863 1105 sufficit
895 1078 988 1106 esse
1020 1078 1174 1105 meum.

68 1123 168 1165 Non
199 1126 343 1164 tubum
375 1123 567 1164 renuisse
600 1123 690 1165 deo.
740 1123 913 1164 laudata
944 1122 1121 1177 pudoris
1377 1132 1419 1163 15

130 1182 266 1236 Saepe
299 1197 420 1223 mora
453 1185 536 1236 θεὲ,
569 1183 766 1236 quotiens
800 1184 949 1223 contra
980 1197 1129 1236 parem
1162 1181 1345 1223 dubites.

71 1241 185 1290 Quin
216 1241 347 1282 ehiam
378 1256 462 1283 non
496 1241 613 1282 iussa
644 1244 801 1295 parant
833 1255 1053 1295 erumpere
1086 1241 1242 1296 dudum

130 1299 342 1342 Carmina.
396 1300 490 1354 quis
522 1301 632 1342 nolifi
665 1299 862 1342 Caesaris
897 1314 988 1341 esse
1020 1301 1147 1354 liber,

70 1358 136 1400 Ne
170 1359 281 1401 ferat
311 1359 536 1414 indignum
569 1361 712 1400 uatem
745 1362 999 1413 centumque
1034 1360 1208 1413 lissuras,

130 1417 361 1460 Mutandas
396 1433 564 1473 semper
596 1418 807 1460 deteriore
838 1417 972 1459 nota?
1377 1429 1422 1459 20

71 1477 135 1518 Tu
168 1477 294 1519 modo
326 1480 369 1518 te
401 1478 594 1531 iussisse,
627 1481 749 1531 passer
780 1477 992 1530 Romane,
1024 1479 1240 1518 memento

131 1537 264 1591 Inque
297 1536 403 1577 meis
436 1537 570 1590 culpis
605 1536 659 1577 da
690 1537 771 1577 tibi
803 1540 850 1577 tu
884 1537 1066 1577 ueniam.

7 1643 49 1676 P
165 1640 235 1674 IIII
267 1640 500 1684 Responsiua
524 1640 679 1675 Ausonii
705 1641 751 1674 ad
779 1640 1031 1674 Theodosium
1057 1640 1271 1685 Augustum
1298 1651 1385 1685 ivea.
1417 1641 1420 1685 l

72 1687 231 1723 Domino
258 1698 341 1722 meo
362 1690 400 1722 et
421 1688 586 1723 omnium
609 1690 614 1732 Ι
637 1687 887 1722 Theodosium
908 1688 1077 1732 Augusto
1098 1713 1105 1720 .
1127 1687 1310 1722 Ausonius
1338 1689 1424 1722 tuus

73 1736 109 1771 P
132 1748 301 1770 TEUDOSIO
326 1735 349 1769 a
375 1746 565 1769 Avsomvs·
601 1735 635 1769 V
737 1739 754 1769 1
782 1735 1003 1779 agricolam:
1032 1745 1054 1768 a
1078 1736 1120 1769 Διή,
1144 1746 1231 1777 ras„
1257 1746 1349 1779 quae
1373 1745 1424 1769 se-

73 1786 206 1818 cuntur
231 1783 409 1826 rescripta
435 1784 482 1817 αῖ.
518 1783 551 1815 V
645 1786 664 1816 2
691 1781 870 1827 gradiuus
897 1784 944 1817 al.
971 1783 1013 1816 in
1037 1793 1109 1817 ras.
1149 1782 1183 1815 V
1270 1785 1292 1816 4
1319 1781 1425 1816 duui-

72 1832 152 1864 tare
186 1829 234 1863 Vl
261 1832 339 1874 (rec.
367 1831 472 1872 corr.)
497 1830 500 1873 Ι
532 1830 673 1872 nephas
700 1830 760 1872 Pl
782 1841 895 1874 maa-9.
929 1833 966 1869 >'<-
1004 1829 1036 1861 V
1124 1833 1144 1863 5
1171 1840 1242 1873 que
1275 1829 1309 1862 V
1314 1830 1323 1848 ¹
1350 1830 1429 1874 qssssy

73 1878 121 1912 al.
148 1887 240 1912 corr.
276 1877 309 1910 V
402 1881 422 1911 6
449 1877 547 1911 116110
579 1877 624 1910 V¹
655 1881 658 1918 Ι
690 1878 779 1912 abta
810 1877 845 1910 V
938 1881 957 1911 7
984 1875 1087 1922 Nissssl
1114 1875 1162 1921 (ci
1187 1878 1328 1920 eraso?)
1363 1876 1394 1909 V
1419 1877 1422 1922 Ι

74 1935 223 1970 duuites
254 1935 312 1978 Vl
339 1936 439 1970 bons}
471 1935 505 1969 V
585 1940 604 1969 9
636 1933 669 1969 (I
697 1936 864 1970 Scribere
894 1935 930 1969 P
956 1937 960 1978 1
992 1935 1090 1981 mea]
1118 1935 1156 1969 in
1182 1945 1227 1969 ea
1252 1935 1288 1969 P
1382 1938 1425 1969 10

74 1994 168 2028 pene
202 1982 279 2016 VP
308 1985 312 2026 Ι
346 1982 409 2016 uix
439 1983 488 2016 PS
587 1987 627 2016 11
656 1983 747 2017 abeo
779 1983 826 2016 V1
853 1984 934 2026 (rec.
962 1987 1099 2025 corr.‘.²)
1134 1983 1139 2026 Ι
1172 1982 1323 2026 ingenio
1351 1983 1387 2016 P
1418 1982 1422 2027 l

75 2030 201 2064 iussit:
227 2031 243 2063 t
262 2030 308 2064 αῖ.
330 2031 372 2063 in
390 2041 462 2064 ras.
490 2029 539 2063 VS
561 2032 565 2074 1
589 2029 706 2065 abebo
730 2030 762 2063 Γ
835 2034 876 2064 13
905 2030 1021 2064 exibat
1047 2031 1197 2073 (rasura
1221 2040 1330 2074 super
1355 2030 1427 2064 itai:

75 2081 117 2112 ut
141 2078 233 2121 uid.)
267 2077 301 2110 V
332 2077 336 2121 Ι
372 2076 477 2111 iubat
509 2077 543 2110 V
640 2081 683 2111 14
709 2077 804 2122 esse]
832 2077 891 2121 ipe
921 2078 956 2111 P
1053 2080 1094 2110 15
1121 2078 1243 2110 totum
1270 2077 1306 2110 P
1333 2077 1338 2121 Ι
1373 2088 1427 2111 re-

76 2125 214 2159 muisse
249 2124 296 2157 V1
381 2128 423 2159 1ss
451 2124 591 2159 cotiens
626 2124 659 2157 V
682 2125 786 2168 quot'
819 2125 878 2166 ΡΙ
901 2124 1049 2168 contra]
1076 2125 1120 2157 [U
1149 2123 1184 2156 P
1205 2124 1209 2167 Ι
1233 2123 1369 2158 diuites
1397 2124 1431 2159 V

153 2176 195 2206 17
222 2171 372 2217 parant]
400 2182 511 2218 paru3
539 2172 575 2206 P
672 2176 712 2207 18
739 2171 834 2206 liner
863 2172 897 2205 P
993 2174 1037 2205 20
1063 2169 1297 2217 mul‘sstandas
1332 2171 1366 2204 V

79 2223 122 2253 21
151 2219 288 2254 iuxisse
318 2219 354 2252 P
443 2223 528 2264 post
553 2222 597 2253 22
625 2218 787 2263 Explicit
813 2219 849 2253 P
