1563 2511
621 97 898 127 —w—

82 189 330 244 placebant:
380 189 416 231 si
461 204 568 244 quae
615 204 768 244 parum
806 193 1029 232 emendata
1073 191 1208 233 inuito
1254 193 1426 234 auctore

83 247 426 302 subriperentur,
470 251 518 290 ut
558 248 680 290 Auiti
723 250 914 291 carmina
953 248 1057 305 (qua
1095 250 1145 291 de
1183 264 1228 307 re
1268 250 1336 305 egi
1374 250 1426 292 ad

82 306 261 348 Auitum
306 322 344 361 p.
388 302 482 363 LI),
533 310 581 349 ut
632 307 844 362 Griphus,
895 312 1125 363 antequam
1170 308 1426 363 Symmacho

81 365 327 407 mitteretur
353 364 423 420 (cf.
450 365 564 407 infra
588 382 627 421 p.
658 368 752 421 197,
781 365 873 423 16),
900 382 949 409 ea
973 382 1059 410 non
1085 371 1285 422 poterant
1313 367 1425 409 edita

82 423 182 477 dici,
215 425 385 466 etiamsi
418 425 618 467 omnibus
650 425 948 468 innotuissent.

171 481 272 524 Non
292 484 424 537 igitur
445 484 592 525 statim
614 484 686 525 ubi
706 485 750 525 in
767 485 939 527 chartas
961 485 1142 527 coniecit
1162 500 1332 528 carmen
1353 487 1426 528 ali-

81 541 192 595 quod
219 542 502 597 recitauitque
530 542 815 584 familiaribus
842 544 1079 598 Ausonius,
1105 545 1231 586 simul
1254 544 1425 586 edidit.

81 600 291 653 quaedam
329 601 475 642 multis
525 604 625 655 post
662 602 786 644 annis
826 603 997 644 demum
1042 604 1306 657 emendauit,
1352 605 1425 646 ab·

79 658 223 712 soluit,
256 660 435 701 notariis
469 659 597 715 dedit,
628 660 884 715 publicauit,
917 662 1037 703 uelut
1069 661 1300 717 Griphum,
1332 661 1422 704 Bis—

79 716 236 772 sulam,
278 717 534 773 Centonem,
575 722 623 760 ut
658 734 745 762 non
786 720 923 762 dicam
962 721 1114 774 libros,
1153 721 1225 775 qui
1265 722 1426 763 sensim

78 775 227 817 multis
243 791 337 818 cum
359 780 685 820 contexerentur
706 779 965 821 carminibus
987 779 1185 834 deinceps
1207 780 1334 834 natis,
1355 780 1426 821 diu

77 834 121 876 in
141 835 309 876 scriniis
330 836 559 891 latuerunt,
586 837 716 879 donec
738 852 833 879 sera
853 837 1076 880 adderetur
1098 839 1279 889 coronis,
1306 839 1424 880 uelut

76 892 338 948 Eclogarum
352 895 461 936 liber
475 897 603 950 atque
618 895 946 951 Epigrammata
962 897 1158 951 inprimis
1172 898 1424 952 posteriora.

77 952 288 1005 quaedam
315 968 416 995 uero
444 954 530 995 iam
557 954 629 995 diu
656 957 820 996 secreta
846 955 1018 1009 quidem
1046 953 1113 1010 (ut
1133 956 1194 997 ait
1213 955 1324 1011 ipse)
1352 957 1423 998 sed

75 1010 194 1066 uulgi
229 1011 412 1054 lectione
439 1013 637 1067 lacerata,
669 1014 827 1067 quippe
860 1028 967 1068 quae
1000 1014 1191 1056 nondum
1224 1015 1424 1056 absoluta

76 1083 172 1110 cum
193 1073 346 1124 essent,
372 1071 507 1113 inuito
529 1074 701 1113 auctore
722 1073 829 1114 alter
850 1073 974 1113 alteri
1002 1074 1304 1127 commodaret,
1330 1076 1423 1115 tan-

75 1127 171 1169 dem
211 1129 439 1183 aliquando
478 1130 522 1170 in
554 1145 704 1172 manus
744 1131 979 1173 amicorum
1017 1134 1242 1185 uenerunt,
1281 1132 1323 1173 id
1358 1135 1423 1174 est

75 1186 293 1242 adscripta
335 1189 425 1229 siue
473 1190 578 1230 certi
627 1189 804 1231 alicuius
847 1190 1075 1232 familiaris
1123 1191 1286 1232 nomini
1332 1191 1422 1232 siue

73 1245 223 1287 lectori
256 1261 332 1288 suo
367 1247 481 1289 edita
515 1255 613 1289 sunt
646 1252 773 1302 atque
805 1249 885 1290 rite
918 1249 1109 1304 uulgata,
1141 1250 1261 1291 uelut
1295 1264 1420 1304 quem

74 1304 199 1346 modo
233 1305 416 1347 diximus
450 1305 672 1360 Griphum.

192 1362 283 1405 Nec
314 1367 457 1406 tamen
490 1365 533 1405 in
567 1366 765 1407 omnibus
798 1366 910 1407 hunc
944 1366 1093 1408 edendi
1126 1367 1300 1409 modum
1334 1382 1421 1408 ser-

74 1422 193 1463 uauit
219 1422 446 1465 Ausonius.
496 1438 598 1465 sane
623 1424 851 1466 Mosellam
878 1425 996 1466 urbis
1025 1425 1057 1466 T
1062 1426 1277 1467 reuericae
1303 1426 1420 1467 laudi

73 1484 381 1536 consecratum,
414 1485 635 1537 tamquam
661 1483 870 1538 Augustis
897 1485 1013 1538 patri
1044 1484 1218 1539 filioque
1253 1499 1420 1526 sacrum

73 1539 203 1581 etiam
225 1541 315 1582 sine
342 1541 606 1595 praefatione
635 1540 784 1597 (quam
811 1545 956 1585 tamen
983 1544 1185 1585 amissam
1214 1543 1420 1598 conicias)

72 1612 158 1640 non
173 1599 424 1640 mirabimur
438 1600 501 1642 ita
517 1601 732 1654 emissum,
753 1604 801 1642 ut
816 1605 1041 1656 spargeret
1059 1603 1133 1644 ille
1148 1602 1421 1657 exemplaria,

72 1656 115 1697 id
143 1660 207 1698 est
234 1659 381 1700 multis
409 1659 620 1713 mitteret,
652 1660 764 1701 inter
790 1675 896 1714 quos
925 1661 1039 1714 quod
1063 1676 1150 1703 non
1176 1661 1270 1715 fuit,
1297 1660 1419 1716 Sym·

73 1716 252 1758 machus
285 1718 444 1759 amicus
483 1718 727 1772 neglectum
769 1733 812 1760 se
850 1720 1105 1775 quei-itui·.*)
1173 1720 1275 1775 alia,
1314 1723 1421 1762 tam-

167 1843 200 1888 *)
226 1843 322 1879 infra
341 1857 374 1890 p.
399 1849 476 1889 141,
498 1850 529 1880 9.
570 1845 732 1880 uoluisse
760 1847 885 1880 autem
912 1846 1117 1882 Ausonium
1144 1850 1309 1883 exortem
1341 1858 1420 1883 esse

72 1890 334 1934 Symmachum
361 1892 439 1927 eius
467 1892 638 1927 carminis
666 1895 703 1927 et
729 1893 831 1936 quasi
859 1893 1095 1930 interdixisse
1123 1895 1156 1929 ei
1183 1894 1340 1930 Mosella
1365 1896 1421 1939 (ut

73 1938 187 1982 paulo
213 1941 300 1982 post
324 1950 390 1984 per
414 1939 535 1974 iocum
563 1939 616 1974 ait
638 1939 892 1984 Symmachus)
913 1951 985 1976 non
1007 1943 1064 1976 est
1090 1942 1189 1986 quod
1215 1942 1354 1977 credas.
1377 1962 1420 1967 —

72 1986 236 2020 ceterum
267 1985 379 2030 paulo
421 1988 505 2022 ante
538 1986 637 2030 quod
669 1987 763 2022 dixit
795 1987 1054 2030 Symmachus:
1097 1988 1269 2033 „Eloquii
1305 1989 1421 2024 nostri

71 2042 179 2076 uena,
207 2043 319 2077 quam
338 2033 476 2068 dudum
498 2044 615 2077 neque
635 2033 747 2068 ullius
769 2034 953 2079 poematis
974 2036 1030 2071 tui
1051 2047 1170 2080 neque
1190 2035 1420 2081 pedestrium

72 2079 305 2114 uoluminum
336 2079 496 2116 lectione
528 2081 699 2124 iuuisti“‚
739 2092 827 2116 caue
863 2082 1052 2126 pedestria
1084 2082 1292 2126 uolumina,
1325 2094 1420 2128 quae

72 2125 179 2161 nobis
216 2127 394 2172 perierint
432 2129 517 2163 ante
556 2140 587 2163 a.
621 2132 707 2171 379,
746 2128 886 2173 scripta
920 2131 1030 2174 putes
1069 2131 1115 2165 ab
1154 2130 1335 2165 Ausonio:
1375 2130 1420 2165 de

73 2172 231 2208 aliorum
266 2176 459 2210 auctorum
497 2175 601 2209 libris
642 2175 918 2211 commodandis
955 2178 1091 2212 rectius
1130 2176 1344 2221 intelleges,
1383 2178 1420 2212 et

73 2220 324 2265 antiquorum,
352 2221 499 2266 qualem
526 2222 605 2267 ipse
627 2223 870 2267 Symmachus
891 2224 1054 2259 Ausonio
1074 2224 1236 2259 Plinium
1255 2224 1419 2266 miserat,

71 2269 109 2301 et
141 2278 228 2303 suae
261 2269 394 2304 aetatis
427 2269 695 2311 litteratorum,
728 2270 791 2313 qui
824 2280 916 2304 unus
951 2273 1031 2306 erat
1056 2272 1204 2315 modus,
1237 2282 1309 2315 quo
1336 2271 1417 2315 quis

73 2313 128 2348 sui
157 2316 334 2360 temporis
362 2315 485 2351 studia
512 2315 719 2352 accuratius
746 2318 894 2360 poterat
921 2328 1154 2364 cognoscere.
