1563 2511
65 152 292 196 Praeditus
325 156 368 195 et
398 154 512 196 uitas
543 154 768 197 hominum
799 156 968 198 ratione
999 156 1195 199 medendi

125 212 353 267 Porrigere
387 215 430 255 et
460 213 563 256 fatis
597 214 861 269 amplificare
893 229 1048 257 moras.

63 270 167 312 Inde
200 274 243 313 et
273 271 522 327 perfunctae
554 276 701 315 manet
731 273 837 315 haec
869 275 1109 316 reuerentia
1143 275 1274 330 uitae,
1374 288 1415 319 15

123 329 259 372 Aetas
291 333 442 373 nostra
473 332 540 373 illi
572 333 683 387 quod
716 333 832 374 dedit
863 333 976 375 hunc
1007 334 1202 376 titulum:

63 387 125 430 Vt
155 389 324 431 nullum
355 389 594 446 Ausonius,
627 406 752 447 quem
785 394 1039 447 sectaretur,
1070 392 1280 448 habebat,

125 446 194 490 Sic
225 449 408 504 nullum,
440 450 514 505 qui
546 465 591 491 se
622 465 734 492 nunc
766 450 979 505 imitetur,
1011 451 1154 494 habet.

7 600 70 632 161]
382 588 426 624 ΙΙ,
462 589 667 623 AEMILIA
693 588 878 625 AEONIA
905 589 1087 625 MATER.

60 671 264 714 Proxima
294 675 361 727 tu,
393 673 589 727 genetrix
620 673 804 725 Aeonia,
838 675 1048 729 sanguine
1080 675 1215 717 mixto

119 731 344 773 Tarbellae
377 733 528 774 matris
560 733 697 787 patris
730 736 773 775 et
803 733 1024 775 Haeduici.

61 788 301 845 Morigerae
334 791 477 833 uxoris
510 792 647 833 uirtus
681 793 747 834 cui
780 793 963 848 contigit
995 793 1153 847 omnis,

120 849 253 891 Fama
285 849 515 904 pudicitiae
548 850 829 905 lanificaeque
862 866 1014 893 manus

60 905 346 963 Coniugiique
378 909 481 950 fides
515 913 558 951 et
589 911 716 951 natos
751 924 851 952 cura
883 911 1057 965 regendi
1388 923 1408 954 5

116 966 174 1008 Et
207 970 398 1023 grauitas
431 969 564 1010 comis
596 969 795 1023 laetaque
828 970 1017 1011 serietas.

57 1025 294 1068 Aeternum
324 1027 518 1081 placidos
550 1042 697 1069 manes
731 1028 940 1083 conplexa
971 1028 1135 1082 mariti,

115 1084 229 1127 Viua
260 1088 405 1128 torum
438 1086 672 1141 quondam,
702 1086 853 1129 functa
884 1087 982 1129 foue
1014 1088 1240 1129 tumulum.

0 1237 61 1268 162]
149 1224 211 1260 IH.
253 1225 484 1261 AEMILIVS
511 1226 716 1262 MAGNVS
742 1227 985 1263 ARBORIVS
1011 1227 1319 1263 AVVNCVLVS.

56 1307 185 1351 Culta
216 1310 324 1351 mihi
356 1314 421 1352 est
453 1311 591 1366 pietas
624 1313 747 1365 patre
778 1312 966 1366 primum
994 1314 1035 1353 et
1062 1314 1199 1354 matre
1226 1313 1408 1367 uocatis,

114 1367 212 1410 Dici
245 1371 310 1411 set
341 1369 503 1425 refugit
534 1371 686 1412 tertius
719 1370 952 1424 Arborius,

55 1426 189 1477 Quem
222 1428 411 1482 primum
443 1444 679 1471 memorare
711 1429 833 1471 nefas
867 1429 972 1470 mihi
1005 1432 1127 1484 patre
1160 1431 1364 1485 secundo,

112 1486 300 1528 Rursum
332 1502 422 1530 non
455 1489 639 1543 primum
671 1502 828 1543 ponere
860 1503 995 1543 paene
1026 1488 1159 1531 nefas.

53 1545 298 1600 Temperies
333 1547 576 1589 adhibenda
639 1579 1145 1590 ........
1381 1559 1402 1591 5

112 1605 228 1646 Ante
261 1606 388 1647 alios:
422 1621 683 1662 quamquam
714 1609 835 1661 patre
869 1606 1078 1648 secundus
1111 1607 1204 1649 erit.

52 1663 117 1704 Tu
149 1664 283 1706 frater
315 1666 545 1720 genetricis
579 1668 621 1707 et
652 1666 866 1707 unanimis
901 1666 1103 1721 genitori,

109 1722 169 1764 Et
200 1723 305 1764 mihi
339 1725 412 1779 qui
445 1725 594 1780 fueris,
627 1725 741 1779 quod
772 1727 896 1779 pater
929 1728 972 1767 et
1005 1725 1216 1780 genetrix:

147 1843 189 1875 13
216 1831 366 1877 mededi
397 1841 432 1875 V
526 1845 567 1876 15
594 1841 806 1885 perfunctae
834 1842 867 1885 (c
893 1841 956 1885 al.)
991 1841 1025 1875 V
1055 1841 1249 1886 perfuncto
1276 1842 1400 1877 Bran-

49 1887 109 1923 des
208 1892 249 1922 16
276 1888 417 1923 titilum
451 1889 484 1922 V
581 1893 622 1923 17
649 1888 787 1923 abebat
818 1888 865 1923 V1
964 1891 1007 1923 18
1034 1888 1121 1923 abet
1152 1888 1198 1922 V¹

144 1946 178 1980 II
203 1959 325 1981 murm
359 1947 393 1980 V
487 1950 506 1980 2
534 1945 681 1980 aeducii
707 1947 782 1991 (alt.
811 1946 823 1980 i
850 1947 897 1983 αἶ.
925 1947 1025 1991 add.)
1058 1945 1093 1981 V
1114 1956 1203 1981 corr.
1226 1946 1400 1982 Pithoeus

56 1994 206 2030 Vinctus
281 1998 300 2028 3
327 1994 511 2041 morigere
537 1993 572 2028 V
640 1997 660 2028 8
687 1994 809 2028 torum
837 1996 872 2038 (o
898 2005 942 2029 ex
967 2005 989 2029 a
1015 1994 1078 2037 αῖ.)
1106 1993 1163 2038 V!
1187 1994 1344 2029 condam
1370 1995 1404 2029 V

47 2043 88 2076 ut
113 2042 299 2086 quondam
328 2042 491 2077 IVIcrtens
520 2041 524 2087 1
553 2040 637 2076 fobe
669 2040 704 2076 V
730 2041 836 2077 foues
863 2041 1042 2077 Heinsius

143 2101 193 2136 111
236 2106 250 2135 1
279 2100 365 2136 mici
399 2101 432 2134 V
457 2101 461 2147 Ι
497 2101 535 2135 et
561 2100 681 2146 Luyd.
709 2102 788 2136 tum
822 2101 857 2135 V
950 2104 969 2135 2
998 2099 1118 2134 dicere
1146 2101 1203 2135 set
1228 2100 1307 2144 (sed
1333 2101 1396 2145 αῖ.)

46 2160 111 2184 rea
135 2149 178 2183 fit
210 2148 244 2183 V
266 2159 356 2184 corr.
385 2149 514 2193 Peiper
595 2153 614 2183 3
642 2148 730 2183 mici
764 2149 798 2182 V
880 2152 899 2182 5
926 2146 1111 2183 adibenda
1142 2146 1177 2181 V
1191 2151 1276 2191 post
1299 2148 1330 2182 h.
1361 2159 1395 2182 u.

45 2197 189 2232 ‘nullum
215 2197 367 2232 lacunae
392 2197 570 2231 indicium
595 2197 669 2231 nisi
695 2207 816 2232 uacua
841 2206 968 2231 uersus
987 2206 1079 2240 pars
1107 2194 1152 2237 V3
1180 2194 1294 2239 igitur
1319 2205 1395 2229 me-

47 2244 236 2279 morabere
262 2243 404 2289 primus
429 2245 546 2288 suppl.
578 2244 659 2278 Toll
742 2248 761 2279 6
789 2255 810 2278 a
836 2244 943 2288 patre
970 2255 996 2278 s.
1025 2242 1095 2277 eris
1125 2242 1205 2290 Toll
1289 2245 1306 2276 7
1334 2253 1396 2286 ge-

45 2292 177 2328 nitoris
211 2292 245 2326 V
268 2302 357 2328 corr.
387 2291 598 2327 Gronouz'us
697 2296 717 2326 8
743 2291 830 2326 mici
864 2291 898 2325 V
