1563 2511
730 595 823 637 XII.

32 692 202 758 ξ’ἓξῑῖξῄζ
397 692 1155 739 TECHNOPAEGNION.

33 856 109 887 [337]
600 842 625 876 Ι.
664 840 952 876 PRAEFATIO.

386 937 613 968 AVSONIVS
646 936 824 966 PACATO
859 937 977 968 PROC
984 937 1160 967 ONSVLI.

192 997 288 1040 Scio
328 997 434 1037 mihi
474 999 579 1050 aput
618 996 726 1037 alios
765 1010 841 1049 pro
880 996 1038 1037 laboris
1078 995 1249 1037 modulo
1281 995 1451 1036 laudem

101 1072 188 1098 non
219 1071 344 1111 posse
377 1055 614 1109 procedere.
664 1069 792 1108 quam
817 1057 962 1095 tamen
990 1055 1025 1095 si
1051 1057 1097 1095 tu
1125 1054 1371 1108 indulseris,
1403 1057 1451 1095 ut

103 1116 163 1157 ait
195 1115 401 1157 Afranius
433 1115 478 1155 in
511 1113 672 1155 Thaide

249 1185 459 1226 Maiorem
492 1184 661 1225 laudem
695 1198 822 1237 quam
855 1184 1049 1225 laborem
1082 1184 1297 1225 inuenero,

103 1271 210 1311 quae
256 1257 443 1297 lecturus
484 1270 526 1296 es
566 1254 865 1308 monosyllaba
909 1257 1028 1308 sunt,
1073 1253 1196 1308 quasi
1243 1254 1450 1308 quaedam
1477 1264 1496 1296 5

101 1318 260 1370 puncta
302 1329 567 1356 sermonum:
611 1314 655 1354 in
693 1313 848 1368 quibus
887 1313 1031 1354 nullus
1070 1313 1293 1354 facundiae
1331 1313 1449 1354 locus

103 1377 179 1428 est,
212 1388 414 1416 sensuum
439 1373 556 1414 nulla
582 1372 816 1426 conceptio,
841 1372 1098 1426 propositio,
1125 1372 1320 1422 redditio,
1353 1386 1449 1414 con—

101 1434 237 1475 clusio
272 1433 437 1486 aliaque
470 1431 725 1486 sophistica,
757 1445 864 1485 quae
896 1431 940 1472 in
970 1446 1054 1472 uno
1081 1445 1208 1472 uersu
1242 1445 1331 1472 esse
1363 1446 1449 1472 non

101 1494 299 1547 possunt:
333 1495 397 1533 set
428 1491 657 1533 cohaerent
688 1490 766 1543 ita,
799 1492 846 1531 ut
878 1490 1025 1531 circuli
1051 1492 1302 1531 catenarum
1329 1504 1448 1544 sepa-

101 1551 198 1592 rati.
249 1554 292 1592 et
324 1551 452 1592 simul
483 1549 694 1591 ludicrum
732 1550 982 1603 opusculum
1020 1549 1155 1602 texui,
1195 1549 1328 1590 ordiri
1359 1564 1448 1590 ma—
1478 1559 1518 1589 10

101 1610 264 1651 iuscula
287 1610 458 1651 solitus:
481 1611 545 1650 set
563 1609 633 1663 „in
651 1609 769 1649 tenui
788 1608 922 1662 labor⁷
943 1611 987 1649 at
1006 1622 1093 1649 non
1112 1608 1254 1649 tenuis
1276 1608 1448 1662 gloria“‚

196 1726 212 1759 I
237 1731 258 1760 4
284 1725 413 1760 Afrani
438 1736 471 1759 u.
499 1728 568 1759 334
594 1723 746 1759 Thaidis
772 1723 815 1759 fr.
843 1728 862 1758 2
891 1736 925 1767 p.
953 1727 1021 1758 208
1049 1723 1156 1757 Ribb.

124 1821 131 1827 ι
198 1778 238 1808 11
267 1772 405 1818 Vergil.
434 1772 464 1807 G
489 1771 559 1805 1111
585 1776 604 1806 6
637 1771 674 1805 in
706 1771 809 1806 tenui
840 1771 963 1813 lab0r3
998 1771 1036 1805 at
1067 1770 1190 1805 tenuis
1216 1781 1289 1805 non
1316 1770 1447 1815 gloria,

103 1833 134 1855 si
160 1832 287 1865 quem-

196 1925 212 1959 Ι
244 1938 414 1960 PREFATIO
446 1937 680 1960 TECHOPEGNII
712 1924 746 1957 V
775 1935 840 1960 om.
866 1938 888 1958 v
989 1928 1006 1958 1
1045 1926 1050 1958 Ι
1085 1924 1125 1959 in
1152 1934 1263 1967 mam.
1291 1924 1337 1958 αῖ.
1374 1923 1407 1956 V
1463 1924 1520 1956 Ῐύ

101 1977 133 2017 J.
156 1973 239 2008 Scio
263 1986 284 2007 v
313 1976 490 2018 (numeros
515 1973 561 2007 αῖ.
583 1983 627 2007 m.
649 1972 733 2007 add.
755 1973 797 2006 in
815 1973 852 2016 v)
876 1974 880 2015 1
903 1971 990 2006 mici
1010 1972 1043 2006 V
1063 1972 1067 2015 Ι
1090 1971 1194 2017 aput]
1217 1971 1252 2005 V
1322 1974 1342 2004 2
1368 1982 1448 2015 pre—

102 2020 233 2055 cedere
266 2020 300 2054 V
370 2023 390 2053 3
415 2019 543 2055 thaide}
578 2019 638 2053 Vv
665 2030 755 2054 corr.
776 2019 940 2063 Scaliyeo·
965 2022 1000 2062 1,
1024 2021 1070 2053 18
1143 2022 1165 2052 4
1190 2019 1357 2053 lauorem
1386 2018 1419 2051 V
1443 2017 1447 2063 Ι

102 2067 249 2102 inuenio
284 2067 343 2101 Vv
371 2078 461 2102 corr.
489 2066 649 2112 Scaliyer
677 2070 716 2109 1,
745 2069 792 2102 18
890 2070 909 2100 5
936 2065 1188 2101 monosillaba
1221 2065 1254 2098 V
1349 2069 1368 2099 6
1395 2064 1449 2098 fa-

103 2115 272 2150 cumdiae
305 2114 339 2148 V
427 2117 447 2148 8
475 2114 690 2159 sophystica
715 2127 737 2148 v
761 2115 765 2157 1
797 2125 887 2148 uno:
914 2126 937 2148 u
963 2114 1004 2147 in
1029 2124 1102 2148 ras.
1130 2113 1177 2147 αῖ.
1211 2112 1246 2147 V
1329 2115 1348 2145 9
1376 2111 1447 2155 set]

109 2162 155 2196 1⁷¹
185 2163 189 2205 Ι
225 2161 440 2204 coherentia
465 2161 533 2205 <ita
559 2162 640 2205 om.)
667 2174 689 2195 v
719 2162 722 2204 Ι
758 2161 992 2195 catemarum
1021 2161 1100 2204 (sic)
1125 2159 1289 2204 separati
1316 2186 1322 2192 .
1351 2160 1386 2192 et
1419 2158 1453 2191 V

103 2210 317 2243 catenarum
345 2238 350 2243 .
380 2209 409 2243 si
434 2208 554 2252 parmi
581 2210 619 2242 et
643 2221 664 2242 v
766 2211 808 2242 10
835 2207 1053 2242 munuscula
1079 2221 1101 2241 v
1207 2211 1248 2240 11
1277 2207 1332 2239 set
1365 2205 1409 2237 Vl
1444 2206 1445 2242 i

102 2254 248 2336 llaborat
272 2256 393 2290 tenuis
412 2259 435 2289 fi
456 2255 576 2300 gloria
597 2284 603 2291 .
633 2254 672 2290 Si
698 2255 903 2299 probantur
929 2257 969 2289 tu
995 2253 1110 2288 facies
1130 2267 1152 2287 υ
1179 2257 1211 2288 et
1234 2252 1354 2287 tenuis
1376 2262 1449 2286 non

143 2303 290 2348 eryilius
