<?xml version="1.0" encoding="UTF-8"?>
<!DOCTYPE html PUBLIC "-//W3C//DTD XHTML 1.0 Transitional//EN"
    "http://www.w3.org/TR/xhtml1/DTD/xhtml1-transitional.dtd">
<html xmlns="http://www.w3.org/1999/xhtml" xml:lang="en" lang="en">
 <head>
  <title>
</title>
<meta http-equiv="Content-Type" content="text/html;charset=utf-8" />
  <meta name='ocr-system' content='tesseract 3.04.00' />
  <meta name='ocr-capabilities' content='ocr_page ocr_carea ocr_par ocr_line ocrx_word'/>
</head>
<body>
  <div class='ocr_page' id='page_1' title='image "./opuscula00ausouoft/opuscula00ausouoft_0587.png"; bbox 0 0 1563 2511; ppageno 0'>
   <div class='ocr_carea' id='block_1_1' title="bbox 781 43 803 59">
    <p class='ocr_par' dir='ltr' id='par_1_1' title="bbox 781 43 803 59">
     <span class='ocr_line' id='line_1_1' title="bbox 781 43 803 59; baseline 0 0"><span class='ocrx_word' id='word_1_1' title='bbox 781 43 803 59; x_wconf 69' lang='lat' dir='ltr'>O</span> 
     </span>
    </p>
   </div>
   <div class='ocr_carea' id='block_1_2' title="bbox 0 0 919 109">
    <p class='ocr_par' dir='ltr' id='par_1_2' title="bbox 0 0 919 109">
     <span class='ocr_line' id='line_1_2' title="bbox 0 0 919 109; baseline -0.002 -24"><span class='ocrx_word' id='word_1_2' title='bbox 0 0 5 109; x_wconf 66' lang='lat' dir='ltr'>f</span> <span class='ocrx_word' id='word_1_3' title='bbox 605 42 919 84; x_wconf 51' lang='lat'><strong>-.250-</strong></span> 
     </span>
    </p>
   </div>
   <div class='ocr_carea' id='block_1_3' title="bbox 81 145 1435 2356">
    <p class='ocr_par' dir='ltr' id='par_1_3' title="bbox 84 145 1431 286">
     <span class='ocr_line' id='line_1_3' title="bbox 229 145 1431 190; baseline -0.001 -10"><span class='ocrx_word' id='word_1_4' title='bbox 229 147 344 181; x_wconf 79' lang='lat' dir='ltr'>Tacit.</span> <span class='ocrx_word' id='word_1_5' title='bbox 378 146 465 190; x_wconf 86' lang='lat' dir='ltr'>Agr.</span> <span class='ocrx_word' id='word_1_6' title='bbox 496 150 538 181; x_wconf 92' lang='lat'>10</span> <span class='ocrx_word' id='word_1_7' title='bbox 573 145 878 190; x_wconf 74' lang='lat' dir='ltr'>septentrionalia</span> <span class='ocrx_word' id='word_1_8' title='bbox 910 146 988 180; x_wconf 88' lang='lat' dir='ltr'>eius</span> <span class='ocrx_word' id='word_1_9' title='bbox 1018 146 1130 181; x_wconf 84' lang='lat' dir='ltr'>nullis</span> <span class='ocrx_word' id='word_1_10' title='bbox 1163 147 1295 180; x_wconf 83' lang='lat' dir='ltr'>contra</span> <span class='ocrx_word' id='word_1_11' title='bbox 1323 145 1431 180; x_wconf 85' lang='lat' dir='ltr'>terris</span> 
     </span>
     <span class='ocr_line' id='line_1_4' title="bbox 226 193 995 238; baseline 0 -11"><span class='ocrx_word' id='word_1_12' title='bbox 226 194 331 228; x_wconf 78' lang='lat' dir='ltr'>uasto</span> <span class='ocrx_word' id='word_1_13' title='bbox 358 196 491 237; x_wconf 75' lang='lat' dir='ltr'>atquae</span> <span class='ocrx_word' id='word_1_14' title='bbox 519 196 646 238; x_wconf 80' lang='lat' dir='ltr'>apeito</span> <span class='ocrx_word' id='word_1_15' title='bbox 672 194 766 227; x_wconf 85' lang='lat' dir='ltr'>mari</span> <span class='ocrx_word' id='word_1_16' title='bbox 790 193 995 237; x_wconf 83' lang='lat' dir='ltr'>pulsantur.</span> 
     </span>
     <span class='ocr_line' id='line_1_5' title="bbox 84 239 771 286; baseline -0.003 -11"><span class='ocrx_word' id='word_1_17' title='bbox 84 240 170 275; x_wconf 85' lang='lat' dir='ltr'><strong>VIII</strong></span> <span class='ocrx_word' id='word_1_18' title='bbox 198 240 298 286; x_wconf 80' lang='lat'>[369]</span> <span class='ocrx_word' id='word_1_19' title='bbox 327 241 379 274; x_wconf 88' lang='lat' dir='ltr'>De</span> <span class='ocrx_word' id='word_1_20' title='bbox 405 240 548 275; x_wconf 86' lang='lat' dir='ltr'>ratione</span> <span class='ocrx_word' id='word_1_21' title='bbox 574 239 771 284; x_wconf 86' lang='lat' dir='ltr'>puerperii.</span> 
     </span>
    </p>

    <p class='ocr_par' dir='ltr' id='par_1_4' title="bbox 181 286 1433 472">
     <span class='ocr_line' id='line_1_6' title="bbox 181 286 1432 331; baseline 0 -10"><span class='ocrx_word' id='word_1_22' title='bbox 181 291 198 321; x_wconf 87' lang='lat'>1</span> <span class='ocrx_word' id='word_1_23' title='bbox 227 286 413 322; x_wconf 84' lang='lat' dir='ltr'>Censorin.</span> <span class='ocrx_word' id='word_1_24' title='bbox 435 287 479 321; x_wconf 91' lang='lat' dir='ltr'>de</span> <span class='ocrx_word' id='word_1_25' title='bbox 500 287 533 322; x_wconf 88' lang='lat' dir='ltr'>d.</span> <span class='ocrx_word' id='word_1_26' title='bbox 549 299 581 322; x_wconf 89' lang='grc'>0</span> <span class='ocrx_word' id='word_1_27' title='bbox 598 290 628 328; x_wconf 81' lang='grc'>8,</span> <span class='ocrx_word' id='word_1_28' title='bbox 652 291 670 320; x_wconf 99' lang='grc'>2</span> <span class='ocrx_word' id='word_1_29' title='bbox 692 289 776 321; x_wconf 86' lang='lat' dir='ltr'>ante</span> <span class='ocrx_word' id='word_1_30' title='bbox 797 286 920 321; x_wconf 78' lang='lat' dir='ltr'>omnia</span> <span class='ocrx_word' id='word_1_31' title='bbox 940 287 1054 331; x_wconf 84' lang='lat' dir='ltr'>igitur</span> <span class='ocrx_word' id='word_1_32' title='bbox 1076 287 1203 322; x_wconf 87' lang='lat' dir='ltr'>dicunt</span> <span class='ocrx_word' id='word_1_33' title='bbox 1224 286 1432 331; x_wconf 84' lang='lat' dir='ltr'>(Chaldaei)</span> 
     </span>
     <span class='ocr_line' id='line_1_7' title="bbox 225 313 1432 379; baseline 0 -11"><span class='ocrx_word' id='word_1_34' title='bbox 225 336 348 368; x_wconf 75' lang='lat' dir='ltr'>actum</span> <span class='ocrx_word' id='word_1_35' title='bbox 380 334 568 378; x_wconf 78' lang='lat' dir='ltr'>uitamque</span> <span class='ocrx_word' id='word_1_36' title='bbox 600 313 764 368; x_wconf 58' lang='lat' dir='ltr'>n‚OStram</span> <span class='ocrx_word' id='word_1_37' title='bbox 798 333 916 367; x_wconf 65' lang='lat' dir='ltr'>stellis</span> <span class='ocrx_word' id='word_1_38' title='bbox 952 336 1029 368; x_wconf 72' lang='lat' dir='ltr'>tam</span> <span class='ocrx_word' id='word_1_39' title='bbox 1056 334 1161 379; x_wconf 81' lang='lat' dir='ltr'>uagis</span> <span class='ocrx_word' id='word_1_40' title='bbox 1188 345 1298 378; x_wconf 86' lang='lat' dir='ltr'>quam</span> <span class='ocrx_word' id='word_1_41' title='bbox 1325 333 1432 368; x_wconf 82' lang='lat' dir='ltr'>statis</span> 
     </span>
     <span class='ocr_line' id='line_1_8' title="bbox 226 380 1433 425; baseline 0 -10"><span class='ocrx_word' id='word_1_42' title='bbox 226 392 305 416; x_wconf 83' lang='lat' dir='ltr'>esse</span> <span class='ocrx_word' id='word_1_43' title='bbox 326 381 530 415; x_wconf 78' lang='lat' dir='ltr'>subiectam</span> <span class='ocrx_word' id='word_1_44' title='bbox 552 391 748 424; x_wconf 85' lang='lat' dir='ltr'>earumque</span> <span class='ocrx_word' id='word_1_45' title='bbox 770 380 872 415; x_wconf 85' lang='lat' dir='ltr'>uario</span> <span class='ocrx_word' id='word_1_46' title='bbox 899 380 1170 425; x_wconf 82' lang='lat' dir='ltr'>multiplicique</span> <span class='ocrx_word' id='word_1_47' title='bbox 1192 393 1297 415; x_wconf 84' lang='grc'>0111011</span> <span class='ocrx_word' id='word_1_48' title='bbox 1317 391 1433 425; x_wconf 80' lang='lat' dir='ltr'>genus</span> 
     </span>
     <span class='ocr_line' id='line_1_9' title="bbox 226 428 661 472; baseline 0 -10"><span class='ocrx_word' id='word_1_49' title='bbox 226 429 427 462; x_wconf 87' lang='lat' dir='ltr'>humanum</span> <span class='ocrx_word' id='word_1_50' title='bbox 454 428 661 472; x_wconf 82' lang='lat' dir='ltr'>gubernari.</span> 
     </span>
    </p>

    <p class='ocr_par' dir='ltr' id='par_1_5' title="bbox 225 474 1432 566">
     <span class='ocr_line' id='line_1_10' title="bbox 225 474 1432 519; baseline 0.001 -11"><span class='ocrx_word' id='word_1_51' title='bbox 225 474 408 510; x_wconf 81' lang='lat' dir='ltr'>Ammian.</span> <span class='ocrx_word' id='word_1_52' title='bbox 434 475 518 509; x_wconf 88' lang='lat' dir='ltr'>XXI</span> <span class='ocrx_word' id='word_1_53' title='bbox 547 478 600 518; x_wconf 89' lang='lat'>14,</span> <span class='ocrx_word' id='word_1_54' title='bbox 628 478 648 508; x_wconf 88' lang='lat'>3</span> <span class='ocrx_word' id='word_1_55' title='bbox 675 474 799 509; x_wconf 85' lang='lat' dir='ltr'>ferunt</span> <span class='ocrx_word' id='word_1_56' title='bbox 824 475 992 519; x_wconf 83' lang='lat' dir='ltr'>theologi</span> <span class='ocrx_word' id='word_1_57' title='bbox 1019 502 1026 508; x_wconf 95' lang='lat'><strong>.</strong></span> <span class='ocrx_word' id='word_1_58' title='bbox 1054 502 1060 508; x_wconf 91' lang='lat'><strong>.</strong></span> <span class='ocrx_word' id='word_1_59' title='bbox 1091 474 1331 509; x_wconf 81' lang='lat' dir='ltr'>.hoininibus</span> <span class='ocrx_word' id='word_1_60' title='bbox 1359 501 1365 509; x_wconf 89' lang='lat'><strong>.</strong></span> <span class='ocrx_word' id='word_1_61' title='bbox 1396 501 1402 508; x_wconf 94' lang='lat'><strong>.</strong></span> <span class='ocrx_word' id='word_1_62' title='bbox 1425 501 1432 509; x_wconf 97' lang='lat'><strong>.</strong></span> 
     </span>
     <span class='ocr_line' id='line_1_11' title="bbox 228 520 1183 566; baseline 0 -10"><span class='ocrx_word' id='word_1_63' title='bbox 228 522 409 566; x_wconf 80' lang='lat' dir='ltr'>quaedam</span> <span class='ocrx_word' id='word_1_64' title='bbox 433 522 538 557; x_wconf 88' lang='lat' dir='ltr'>uelut</span> <span class='ocrx_word' id='word_1_65' title='bbox 562 523 664 556; x_wconf 86' lang='lat' dir='ltr'>actus</span> <span class='ocrx_word' id='word_1_66' title='bbox 690 523 837 556; x_wconf 83' lang='lat' dir='ltr'>rectura</span> <span class='ocrx_word' id='word_1_67' title='bbox 860 521 1013 556; x_wconf 85' lang='lat' dir='ltr'>numina</span> <span class='ocrx_word' id='word_1_68' title='bbox 1039 520 1183 557; x_wconf 79' lang='lat' dir='ltr'>sociari.</span> 
     </span>
    </p>

    <p class='ocr_par' dir='ltr' id='par_1_6' title="bbox 157 568 915 613">
     <span class='ocr_line' id='line_1_12' title="bbox 157 568 915 613; baseline -0.001 -10"><span class='ocrx_word' id='word_1_69' title='bbox 157 573 197 603; x_wconf 87' lang='lat'>11</span> <span class='ocrx_word' id='word_1_70' title='bbox 225 568 365 613; x_wconf 85' lang='lat' dir='ltr'>Vergil.</span> <span class='ocrx_word' id='word_1_71' title='bbox 393 569 434 604; x_wconf 87' lang='lat' dir='ltr'>G.</span> <span class='ocrx_word' id='word_1_72' title='bbox 463 569 512 603; x_wconf 89' lang='lat' dir='ltr'>III</span> <span class='ocrx_word' id='word_1_73' title='bbox 539 572 606 603; x_wconf 85' lang='lat'>135</span> <span class='ocrx_word' id='word_1_74' title='bbox 633 569 790 613; x_wconf 74' lang='lat' dir='ltr'>genitali</span> <span class='ocrx_word' id='word_1_75' title='bbox 817 579 915 603; x_wconf 83' lang='lat' dir='ltr'>aruo.</span> 
     </span>
    </p>

    <p class='ocr_par' dir='ltr' id='par_1_7' title="bbox 157 614 1434 802">
     <span class='ocr_line' id='line_1_13' title="bbox 157 614 1433 662; baseline -0.002 -11"><span class='ocrx_word' id='word_1_76' title='bbox 157 620 197 651; x_wconf 90' lang='lat'>13</span> <span class='ocrx_word' id='word_1_77' title='bbox 226 616 408 652; x_wconf 83' lang='lat' dir='ltr'>Censorin.</span> <span class='ocrx_word' id='word_1_78' title='bbox 437 620 474 660; x_wconf 91' lang='lat'>8,</span> <span class='ocrx_word' id='word_1_79' title='bbox 501 620 522 650; x_wconf 98' lang='lat'>4</span> <span class='ocrx_word' id='word_1_80' title='bbox 548 616 662 662; x_wconf 83' lang='lat' dir='ltr'>igitur</span> <span class='ocrx_word' id='word_1_81' title='bbox 688 627 760 660; x_wconf 89' lang='grc'>0110</span> <span class='ocrx_word' id='word_1_82' title='bbox 786 617 952 660; x_wconf 89' lang='lat' dir='ltr'>tempore</span> <span class='ocrx_word' id='word_1_83' title='bbox 978 616 1106 660; x_wconf 85' lang='lat' dir='ltr'>partus</span> <span class='ocrx_word' id='word_1_84' title='bbox 1134 615 1351 660; x_wconf 87' lang='lat' dir='ltr'>concipitur,</span> <span class='ocrx_word' id='word_1_85' title='bbox 1378 614 1433 649; x_wconf 81' lang='lat' dir='ltr'>sol</span> 
     </span>
     <span class='ocr_line' id='line_1_14' title="bbox 225 644 1433 708; baseline -0.001 -11"><span class='ocrx_word' id='word_1_86' title='bbox 225 663 262 698; x_wconf 92' lang='grc'>10</span> <span class='ocrx_word' id='word_1_87' title='bbox 295 663 418 707; x_wconf 87' lang='lat' dir='ltr'>aliquo</span> <span class='ocrx_word' id='word_1_88' title='bbox 446 644 625 708; x_wconf 63' lang='lat' dir='ltr'>sig1io⁶sit</span> <span class='ocrx_word' id='word_1_89' title='bbox 657 674 806 698; x_wconf 85' lang='lat' dir='ltr'>necesse</span> <span class='ocrx_word' id='word_1_90' title='bbox 842 665 909 698; x_wconf 85' lang='lat' dir='ltr'>est.</span> <span class='ocrx_word' id='word_1_91' title='bbox 935 662 984 697; x_wconf 89' lang='lat' dir='ltr'>ib.</span> <span class='ocrx_word' id='word_1_92' title='bbox 1012 667 1048 697; x_wconf 94' lang='lat'>6:</span> <span class='ocrx_word' id='word_1_93' title='bbox 1084 662 1139 697; x_wconf 86' lang='lat' dir='ltr'>sol</span> <span class='ocrx_word' id='word_1_94' title='bbox 1171 674 1259 708; x_wconf 85' lang='lat' dir='ltr'>ergo</span> <span class='ocrx_word' id='word_1_95' title='bbox 1287 673 1369 696; x_wconf 87' lang='lat' dir='ltr'>cum</span> <span class='ocrx_word' id='word_1_96' title='bbox 1395 662 1433 696; x_wconf 89' lang='grc'>10</span> 
     </span>
     <span class='ocr_line' id='line_1_15' title="bbox 226 708 1434 756; baseline -0.002 -11"><span class='ocrx_word' id='word_1_97' title='bbox 226 711 434 756; x_wconf 84' lang='lat' dir='ltr'>proximum</span> <span class='ocrx_word' id='word_1_98' title='bbox 462 711 608 755; x_wconf 83' lang='lat' dir='ltr'>signum</span> <span class='ocrx_word' id='word_1_99' title='bbox 635 710 875 753; x_wconf 71' lang='lat' dir='ltr'>transcendit,</span> <span class='ocrx_word' id='word_1_100' title='bbox 903 710 1024 744; x_wconf 85' lang='lat' dir='ltr'>locum</span> <span class='ocrx_word' id='word_1_101' title='bbox 1052 708 1159 744; x_wconf 85' lang='lat' dir='ltr'>illum</span> <span class='ocrx_word' id='word_1_102' title='bbox 1179 708 1434 754; x_wconf 70' lang='lat' dir='ltr'>conceptionis</span> 
     </span>
     <span class='ocr_line' id='line_1_16' title="bbox 229 756 1390 810; baseline -0.002 -18"><span class='ocrx_word' id='word_1_103' title='bbox 229 758 292 792; x_wconf 78' lang='lat' dir='ltr'>aut</span> <span class='ocrx_word' id='word_1_104' title='bbox 317 758 491 792; x_wconf 84' lang='lat' dir='ltr'>inbecillo</span> <span class='ocrx_word' id='word_1_105' title='bbox 518 757 621 792; x_wconf 84' lang='lat' dir='ltr'>uidet</span> <span class='ocrx_word' id='word_1_106' title='bbox 647 759 848 810; x_wconf 79' lang='lat' dir='ltr'>conspectu</span> <span class='ocrx_word' id='word_1_107' title='bbox 874 758 938 792; x_wconf 85' lang='lat' dir='ltr'>aut</span> <span class='ocrx_word' id='word_1_108' title='bbox 965 756 1077 792; x_wconf 85' lang='lat' dir='ltr'>etiam</span> <span class='ocrx_word' id='word_1_109' title='bbox 1103 768 1171 791; x_wconf 89' lang='lat' dir='ltr'>nec</span> <span class='ocrx_word' id='word_1_110' title='bbox 1198 756 1390 801; x_wconf 77' lang='lat' dir='ltr'>conspicit.</span> 
     </span>
    </p>

    <p class='ocr_par' dir='ltr' id='par_1_8' title="bbox 161 803 1434 943">
     <span class='ocr_line' id='line_1_17' title="bbox 161 803 1434 849; baseline -0.002 -10"><span class='ocrx_word' id='word_1_111' title='bbox 161 809 201 839; x_wconf 86' lang='grc'>17</span> <span class='ocrx_word' id='word_1_112' title='bbox 230 804 416 840; x_wconf 83' lang='lat' dir='ltr'>Censorin.</span> <span class='ocrx_word' id='word_1_113' title='bbox 446 808 483 849; x_wconf 86' lang='lat'>8,</span> <span class='ocrx_word' id='word_1_114' title='bbox 511 808 531 840; x_wconf 89' lang='lat'>6</span> <span class='ocrx_word' id='word_1_115' title='bbox 570 806 609 839; x_wconf 87' lang='lat' dir='ltr'>at</span> <span class='ocrx_word' id='word_1_116' title='bbox 650 816 731 839; x_wconf 89' lang='lat' dir='ltr'>cum</span> <span class='ocrx_word' id='word_1_117' title='bbox 770 805 808 838; x_wconf 90' lang='lat' dir='ltr'>in</span> <span class='ocrx_word' id='word_1_118' title='bbox 845 804 956 839; x_wconf 82' lang='lat' dir='ltr'>tertio</span> <span class='ocrx_word' id='word_1_119' title='bbox 996 805 1052 839; x_wconf 85' lang='lat' dir='ltr'>est</span> <span class='ocrx_word' id='word_1_120' title='bbox 1084 803 1224 849; x_wconf 81' lang='lat' dir='ltr'>signo.</span> <span class='ocrx_word' id='word_1_121' title='bbox 1254 831 1259 837; x_wconf 95' lang='lat'><strong>.</strong></span> <span class='ocrx_word' id='word_1_122' title='bbox 1289 831 1313 846; x_wconf 91' lang='lat'>.,</span> <span class='ocrx_word' id='word_1_123' title='bbox 1346 806 1434 838; x_wconf 81' lang='lat' dir='ltr'>tuuc</span> 
     </span>
     <span class='ocr_line' id='line_1_18' title="bbox 225 849 1434 896; baseline -0.002 -10"><span class='ocrx_word' id='word_1_124' title='bbox 225 852 385 896; x_wconf 83' lang='lat' dir='ltr'>primum</span> <span class='ocrx_word' id='word_1_125' title='bbox 417 852 523 886; x_wconf 85' lang='lat' dir='ltr'>illum</span> <span class='ocrx_word' id='word_1_126' title='bbox 556 853 677 887; x_wconf 89' lang='lat' dir='ltr'>locum</span> <span class='ocrx_word' id='word_1_127' title='bbox 710 852 806 886; x_wconf 87' lang='lat' dir='ltr'>unde</span> <span class='ocrx_word' id='word_1_128' title='bbox 838 851 1024 896; x_wconf 83' lang='lat' dir='ltr'>profectus</span> <span class='ocrx_word' id='word_1_129' title='bbox 1052 853 1108 886; x_wconf 89' lang='lat' dir='ltr'>est</span> <span class='ocrx_word' id='word_1_130' title='bbox 1133 851 1258 885; x_wconf 88' lang='lat' dir='ltr'>uidere</span> <span class='ocrx_word' id='word_1_131' title='bbox 1285 849 1434 895; x_wconf 88' lang='lat' dir='ltr'>dicitur,</span> 
     </span>
     <span class='ocr_line' id='line_1_19' title="bbox 234 898 1041 943; baseline 0 -11"><span class='ocrx_word' id='word_1_132' title='bbox 234 899 297 933; x_wconf 88' lang='lat' dir='ltr'>sed</span> <span class='ocrx_word' id='word_1_133' title='bbox 324 899 434 933; x_wconf 87' lang='lat' dir='ltr'>ualde</span> <span class='ocrx_word' id='word_1_134' title='bbox 461 899 612 943; x_wconf 84' lang='lat' dir='ltr'>obliquo</span> <span class='ocrx_word' id='word_1_135' title='bbox 639 900 675 933; x_wconf 89' lang='lat' dir='ltr'>et</span> <span class='ocrx_word' id='word_1_136' title='bbox 701 898 864 933; x_wconf 88' lang='lat' dir='ltr'>inualido</span> <span class='ocrx_word' id='word_1_137' title='bbox 892 898 1041 933; x_wconf 86' lang='lat' dir='ltr'>lumine.</span> 
     </span>
    </p>

    <p class='ocr_par' dir='ltr' id='par_1_9' title="bbox 154 943 1434 1074">
     <span class='ocr_line' id='line_1_20' title="bbox 154 943 1434 991; baseline -0.002 -11"><span class='ocrx_word' id='word_1_138' title='bbox 154 949 198 980; x_wconf 86' lang='grc'>23</span> <span class='ocrx_word' id='word_1_139' title='bbox 227 945 410 981; x_wconf 84' lang='lat' dir='ltr'>Censorin.</span> <span class='ocrx_word' id='word_1_140' title='bbox 433 950 463 989; x_wconf 89' lang='lat'>8,</span> <span class='ocrx_word' id='word_1_141' title='bbox 486 950 505 980; x_wconf 87' lang='grc'>9</span> <span class='ocrx_word' id='word_1_142' title='bbox 527 957 621 991; x_wconf 87' lang='lat' dir='ltr'>quae</span> <span class='ocrx_word' id='word_1_143' title='bbox 648 947 719 980; x_wconf 89' lang='lat' dir='ltr'>duo</span> <span class='ocrx_word' id='word_1_144' title='bbox 740 945 904 981; x_wconf 85' lang='grc'>01010000</span> <span class='ocrx_word' id='word_1_145' title='bbox 930 943 1157 989; x_wconf 78' lang='grc' dir='ltr'><em>τετράγωνοι</em></span> <span class='ocrx_word' id='word_1_146' title='bbox 1176 944 1241 978; x_wconf 74' lang='grc' dir='ltr'>καὶ</span> <span class='ocrx_word' id='word_1_147' title='bbox 1262 945 1434 988; x_wconf 80' lang='grc' dir='ltr'><em>τρίγωνοι</em></span> 
     </span>
     <span class='ocr_line' id='line_1_21' title="bbox 224 991 1434 1038; baseline -0.003 -10"><span class='ocrx_word' id='word_1_148' title='bbox 224 1004 403 1038; x_wconf 85' lang='lat' dir='ltr'>perquam</span> <span class='ocrx_word' id='word_1_149' title='bbox 437 993 604 1028; x_wconf 84' lang='lat' dir='ltr'>efficaces</span> <span class='ocrx_word' id='word_1_150' title='bbox 636 992 903 1028; x_wconf 86' lang='lat' dir='ltr'>incrementum</span> <span class='ocrx_word' id='word_1_151' title='bbox 935 993 1061 1037; x_wconf 86' lang='lat' dir='ltr'>partus</span> <span class='ocrx_word' id='word_1_152' title='bbox 1092 992 1250 1026; x_wconf 87' lang='lat' dir='ltr'>multum</span> <span class='ocrx_word' id='word_1_153' title='bbox 1277 991 1434 1026; x_wconf 86' lang='lat' dir='ltr'>admini-</span> 
     </span>
     <span class='ocr_line' id='line_1_22' title="bbox 227 1040 362 1074; baseline 0 0"><span class='ocrx_word' id='word_1_154' title='bbox 227 1040 362 1074; x_wconf 84' lang='lat' dir='ltr'>culant.</span> 
     </span>
    </p>

    <p class='ocr_par' dir='ltr' id='par_1_10' title="bbox 154 1085 1435 1216">
     <span class='ocr_line' id='line_1_23' title="bbox 154 1085 1434 1132; baseline -0.002 -11"><span class='ocrx_word' id='word_1_155' title='bbox 154 1090 199 1121; x_wconf 75' lang='grc'>24</span> <span class='ocrx_word' id='word_1_156' title='bbox 226 1087 481 1132; x_wconf 87' lang='lat' dir='ltr'>Censorin.8,</span> <span class='ocrx_word' id='word_1_157' title='bbox 509 1090 553 1120; x_wconf 92' lang='grc'>10</span> <span class='ocrx_word' id='word_1_158' title='bbox 586 1088 747 1121; x_wconf 86' lang='lat' dir='ltr'>ceterum</span> <span class='ocrx_word' id='word_1_159' title='bbox 782 1097 803 1120; x_wconf 95' lang='lat' dir='ltr'>a</span> <span class='ocrx_word' id='word_1_160' title='bbox 834 1087 916 1121; x_wconf 87' lang='lat' dir='ltr'>loco</span> <span class='ocrx_word' id='word_1_161' title='bbox 950 1088 1052 1121; x_wconf 83' lang='lat' dir='ltr'>sexto</span> <span class='ocrx_word' id='word_1_162' title='bbox 1087 1086 1305 1130; x_wconf 77' lang='lat' dir='ltr'>conspectus</span> <span class='ocrx_word' id='word_1_163' title='bbox 1333 1085 1434 1120; x_wconf 88' lang='lat' dir='ltr'>omni</span> 
     </span>
     <span class='ocr_line' id='line_1_24' title="bbox 226 1115 1435 1214; baseline -0.002 -46"><span class='ocrx_word' id='word_1_164' title='bbox 226 1136 327 1214; x_wconf 53' lang='lat' dir='ltr'>paret</span> <span class='ocrx_word' id='word_1_165' title='bbox 355 1115 569 1178; x_wconf 59' lang='lat' dir='ltr'>efficie’ntia3</span> <span class='ocrx_word' id='word_1_166' title='bbox 598 1134 676 1168; x_wconf 88' lang='lat' dir='ltr'>eius</span> <span class='ocrx_word' id='word_1_167' title='bbox 703 1134 801 1169; x_wconf 90' lang='lat' dir='ltr'>enim</span> <span class='ocrx_word' id='word_1_168' title='bbox 827 1133 925 1168; x_wconf 87' lang='lat' dir='ltr'>linea</span> <span class='ocrx_word' id='word_1_169' title='bbox 950 1133 1087 1167; x_wconf 81' lang='lat' dir='ltr'>nullius</span> <span class='ocrx_word' id='word_1_170' title='bbox 1112 1132 1293 1178; x_wconf 81' lang='lat' dir='ltr'>polygoni</span> <span class='ocrx_word' id='word_1_171' title='bbox 1319 1131 1435 1167; x_wconf 83' lang='lat' dir='ltr'>efficit</span> 
     </span>
     <span class='ocr_line' id='line_1_25' title="bbox 242 1184 335 1216; baseline 0 -1"><span class='ocrx_word' id='word_1_172' title='bbox 242 1184 335 1216; x_wconf 84' lang='lat' dir='ltr'>atus.</span> 
     </span>
    </p>

    <p class='ocr_par' dir='ltr' id='par_1_11' title="bbox 154 1225 1433 1405">
     <span class='ocr_line' id='line_1_26' title="bbox 154 1225 1433 1272; baseline -0.003 -9"><span class='ocrx_word' id='word_1_173' title='bbox 154 1232 197 1263; x_wconf 92' lang='grc'>27</span> <span class='ocrx_word' id='word_1_174' title='bbox 226 1228 414 1263; x_wconf 70' lang='lat' dir='ltr'>Censor-in.</span> <span class='ocrx_word' id='word_1_175' title='bbox 442 1232 479 1271; x_wconf 92' lang='lat'>8,</span> <span class='ocrx_word' id='word_1_176' title='bbox 517 1231 559 1262; x_wconf 92' lang='lat'>10</span> <span class='ocrx_word' id='word_1_177' title='bbox 598 1229 637 1262; x_wconf 91' lang='lat' dir='ltr'>at</span> <span class='ocrx_word' id='word_1_178' title='bbox 675 1238 697 1262; x_wconf 82' lang='lat' dir='ltr'>a</span> <span class='ocrx_word' id='word_1_179' title='bbox 736 1227 894 1272; x_wconf 85' lang='lat' dir='ltr'>septimo</span> <span class='ocrx_word' id='word_1_180' title='bbox 930 1227 1033 1262; x_wconf 89' lang='lat' dir='ltr'>zodio</span> <span class='ocrx_word' id='word_1_181' title='bbox 1063 1256 1068 1262; x_wconf 95' lang='lat'><strong>.</strong></span> <span class='ocrx_word' id='word_1_182' title='bbox 1098 1253 1105 1261; x_wconf 91' lang='lat'><strong>.</strong></span> <span class='ocrx_word' id='word_1_183' title='bbox 1134 1255 1140 1261; x_wconf 93' lang='lat'><strong>.</strong></span> <span class='ocrx_word' id='word_1_184' title='bbox 1178 1225 1433 1271; x_wconf 81' lang='lat' dir='ltr'>plenisssimus</span> 
     </span>
     <span class='ocr_line' id='line_1_27' title="bbox 225 1273 1432 1319; baseline -0.002 -10"><span class='ocrx_word' id='word_1_185' title='bbox 225 1275 577 1319; x_wconf 83' lang='lat' dir='ltr'>potentissimusque</span> <span class='ocrx_word' id='word_1_186' title='bbox 612 1275 830 1319; x_wconf 86' lang='lat' dir='ltr'>conspectus</span> <span class='ocrx_word' id='word_1_187' title='bbox 863 1273 1044 1318; x_wconf 83' lang='lat' dir='ltr'>quosdam</span> <span class='ocrx_word' id='word_1_188' title='bbox 1076 1274 1151 1308; x_wconf 87' lang='lat' dir='ltr'>iam</span> <span class='ocrx_word' id='word_1_189' title='bbox 1183 1275 1345 1308; x_wconf 85' lang='lat' dir='ltr'>maturos</span> <span class='ocrx_word' id='word_1_190' title='bbox 1378 1273 1432 1307; x_wconf 89' lang='lat' dir='ltr'>in-</span> 
     </span>
     <span class='ocr_line' id='line_1_28' title="bbox 224 1319 1433 1367; baseline -0.002 -11"><span class='ocrx_word' id='word_1_191' title='bbox 224 1322 346 1357; x_wconf 83' lang='lat' dir='ltr'>fantes</span> <span class='ocrx_word' id='word_1_192' title='bbox 363 1322 497 1365; x_wconf 84' lang='lat' dir='ltr'>educit,</span> <span class='ocrx_word' id='word_1_193' title='bbox 512 1322 574 1366; x_wconf 89' lang='lat' dir='ltr'>qui</span> <span class='ocrx_word' id='word_1_194' title='bbox 589 1323 889 1367; x_wconf 86' lang='lat' dir='ltr'>septemmestres</span> <span class='ocrx_word' id='word_1_195' title='bbox 904 1322 1152 1367; x_wconf 82' lang='lat' dir='ltr'>appellantur,</span> <span class='ocrx_word' id='word_1_196' title='bbox 1168 1320 1255 1365; x_wconf 86' lang='lat' dir='ltr'>quia</span> <span class='ocrx_word' id='word_1_197' title='bbox 1276 1319 1433 1364; x_wconf 85' lang='lat' dir='ltr'>septimo</span> 
     </span>
     <span class='ocr_line' id='line_1_29' title="bbox 224 1371 586 1405; baseline 0 -1"><span class='ocrx_word' id='word_1_198' title='bbox 224 1380 348 1405; x_wconf 87' lang='lat' dir='ltr'>mense</span> <span class='ocrx_word' id='word_1_199' title='bbox 374 1371 586 1404; x_wconf 87' lang='lat' dir='ltr'>nascuntur.</span> 
     </span>
    </p>

    <p class='ocr_par' dir='ltr' id='par_1_12' title="bbox 154 1415 1433 1592">
     <span class='ocr_line' id='line_1_30' title="bbox 154 1415 1433 1461; baseline -0.003 -10"><span class='ocrx_word' id='word_1_200' title='bbox 154 1420 198 1451; x_wconf 89' lang='lat'>34</span> <span class='ocrx_word' id='word_1_201' title='bbox 225 1429 305 1461; x_wconf 88' lang='lat' dir='ltr'>sqq.</span> <span class='ocrx_word' id='word_1_202' title='bbox 329 1415 515 1452; x_wconf 81' lang='lat' dir='ltr'>censorin.</span> <span class='ocrx_word' id='word_1_203' title='bbox 537 1420 569 1460; x_wconf 90' lang='lat'>8,</span> <span class='ocrx_word' id='word_1_204' title='bbox 592 1420 633 1450; x_wconf 92' lang='lat'>11</span> <span class='ocrx_word' id='word_1_205' title='bbox 657 1418 696 1450; x_wconf 88' lang='lat' dir='ltr'>at</span> <span class='ocrx_word' id='word_1_206' title='bbox 722 1416 752 1451; x_wconf 89' lang='grc'>01</span> <span class='ocrx_word' id='word_1_207' title='bbox 777 1415 876 1451; x_wconf 80' lang='lat' dir='ltr'>intra</span> <span class='ocrx_word' id='word_1_208' title='bbox 902 1415 971 1450; x_wconf 87' lang='lat' dir='ltr'>hoc</span> <span class='ocrx_word' id='word_1_209' title='bbox 998 1415 1160 1460; x_wconf 86' lang='lat' dir='ltr'>spatium</span> <span class='ocrx_word' id='word_1_210' title='bbox 1186 1415 1433 1448; x_wconf 78' lang='lat' dir='ltr'>maturescere</span> 
     </span>
     <span class='ocr_line' id='line_1_31' title="bbox 224 1461 1433 1508; baseline -0.002 -10"><span class='ocrx_word' id='word_1_211' title='bbox 224 1465 350 1498; x_wconf 86' lang='lat' dir='ltr'>uterus</span> <span class='ocrx_word' id='word_1_212' title='bbox 370 1474 444 1498; x_wconf 90' lang='lat' dir='ltr'>non</span> <span class='ocrx_word' id='word_1_213' title='bbox 469 1463 644 1508; x_wconf 85' lang='lat' dir='ltr'>potuerit,</span> <span class='ocrx_word' id='word_1_214' title='bbox 672 1466 802 1498; x_wconf 82' lang='lat' dir='ltr'>octauo</span> <span class='ocrx_word' id='word_1_215' title='bbox 823 1474 949 1497; x_wconf 82' lang='lat' dir='ltr'>mense</span> <span class='ocrx_word' id='word_1_216' title='bbox 968 1473 1043 1496; x_wconf 88' lang='lat' dir='ltr'>non</span> <span class='ocrx_word' id='word_1_217' title='bbox 1063 1461 1184 1496; x_wconf 87' lang='lat' dir='ltr'>editur</span> <span class='ocrx_word' id='word_1_218' title='bbox 1210 1462 1271 1505; x_wconf 85' lang='lat' dir='ltr'>(ab</span> <span class='ocrx_word' id='word_1_219' title='bbox 1298 1462 1433 1496; x_wconf 84' lang='lat' dir='ltr'>octauo</span> 
     </span>
     <span class='ocr_line' id='line_1_32' title="bbox 226 1509 1433 1555; baseline -0.002 -10"><span class='ocrx_word' id='word_1_220' title='bbox 226 1511 324 1545; x_wconf 91' lang='lat' dir='ltr'>enim</span> <span class='ocrx_word' id='word_1_221' title='bbox 339 1510 444 1555; x_wconf 83' lang='lat' dir='ltr'>signo</span> <span class='ocrx_word' id='word_1_222' title='bbox 463 1511 505 1545; x_wconf 87' lang='lat' dir='ltr'>ut</span> <span class='ocrx_word' id='word_1_223' title='bbox 526 1521 546 1545; x_wconf 87' lang='lat' dir='ltr'>a</span> <span class='ocrx_word' id='word_1_224' title='bbox 568 1512 670 1545; x_wconf 85' lang='lat' dir='ltr'>sexto</span> <span class='ocrx_word' id='word_1_225' title='bbox 692 1510 862 1545; x_wconf 83' lang='lat' dir='ltr'>inefficax</span> <span class='ocrx_word' id='word_1_226' title='bbox 882 1510 995 1552; x_wconf 84' lang='lat' dir='ltr'>uisus)</span> <span class='ocrx_word' id='word_1_227' title='bbox 1018 1509 1081 1543; x_wconf 86' lang='lat' dir='ltr'>sed</span> <span class='ocrx_word' id='word_1_228' title='bbox 1100 1509 1161 1543; x_wconf 85' lang='lat' dir='ltr'>uel</span> <span class='ocrx_word' id='word_1_229' title='bbox 1186 1519 1282 1543; x_wconf 90' lang='lat' dir='ltr'>nono</span> <span class='ocrx_word' id='word_1_230' title='bbox 1309 1518 1433 1542; x_wconf 81' lang='lat' dir='ltr'>mense</span> 
     </span>
     <span class='ocr_line' id='line_1_33' title="bbox 224 1557 464 1592; baseline 0 0"><span class='ocrx_word' id='word_1_231' title='bbox 224 1558 286 1592; x_wconf 87' lang='lat' dir='ltr'>uel</span> <span class='ocrx_word' id='word_1_232' title='bbox 311 1557 464 1592; x_wconf 85' lang='lat' dir='ltr'>decimo.</span> 
     </span>
    </p>

    <p class='ocr_par' dir='ltr' id='par_1_13' title="bbox 153 1601 1433 1792">
     <span class='ocr_line' id='line_1_34' title="bbox 153 1601 1433 1649; baseline -0.003 -10"><span class='ocrx_word' id='word_1_233' title='bbox 153 1609 197 1640; x_wconf 88' lang='lat'>41</span> <span class='ocrx_word' id='word_1_234' title='bbox 226 1617 278 1649; x_wconf 87' lang='lat' dir='ltr'>sq.</span> <span class='ocrx_word' id='word_1_235' title='bbox 307 1603 492 1639; x_wconf 85' lang='lat' dir='ltr'>Censorin.</span> <span class='ocrx_word' id='word_1_236' title='bbox 521 1607 559 1647; x_wconf 89' lang='lat'>8,</span> <span class='ocrx_word' id='word_1_237' title='bbox 594 1608 637 1638; x_wconf 90' lang='grc'>12</span> <span class='ocrx_word' id='word_1_238' title='bbox 671 1604 726 1639; x_wconf 89' lang='grc'>001</span> <span class='ocrx_word' id='word_1_239' title='bbox 758 1603 856 1638; x_wconf 84' lang='grc'>00101</span> <span class='ocrx_word' id='word_1_240' title='bbox 891 1615 913 1638; x_wconf 88' lang='lat' dir='ltr'>a</span> <span class='ocrx_word' id='word_1_241' title='bbox 944 1614 1040 1637; x_wconf 89' lang='lat' dir='ltr'>nono</span> <span class='ocrx_word' id='word_1_242' title='bbox 1071 1602 1176 1637; x_wconf 87' lang='lat' dir='ltr'>zodio</span> <span class='ocrx_word' id='word_1_243' title='bbox 1208 1601 1433 1647; x_wconf 75' lang='lat' dir='ltr'>particulam</span> 
     </span>
     <span class='ocr_line' id='line_1_35' title="bbox 226 1631 1432 1707; baseline -0.002 -21"><span class='ocrx_word' id='word_1_244' title='bbox 226 1651 480 1707; x_wconf 83' lang='lat' dir='ltr'>conceptionis</span> <span class='ocrx_word' id='word_1_245' title='bbox 500 1631 643 1686; x_wconf 67' lang='grc'>10101110</span> <span class='ocrx_word' id='word_1_246' title='bbox 670 1650 852 1695; x_wconf 82' lang='lat' dir='ltr'>conspicit</span> <span class='ocrx_word' id='word_1_247' title='bbox 871 1648 966 1685; x_wconf 76' lang='grc' dir='ltr'><strong><em>κατὰ</em></strong></span> <span class='ocrx_word' id='word_1_248' title='bbox 989 1651 1168 1695; x_wconf 80' lang='grc' dir='ltr'><em>τρίγωνον</em></span> <span class='ocrx_word' id='word_1_249' title='bbox 1189 1651 1226 1684; x_wconf 86' lang='lat' dir='ltr'>et</span> <span class='ocrx_word' id='word_1_250' title='bbox 1246 1661 1268 1684; x_wconf 89' lang='lat' dir='ltr'>a</span> <span class='ocrx_word' id='word_1_251' title='bbox 1288 1649 1432 1684; x_wconf 88' lang='lat' dir='ltr'>decimo</span> 
     </span>
     <span class='ocr_line' id='line_1_36' title="bbox 226 1695 1433 1743; baseline -0.002 -10"><span class='ocrx_word' id='word_1_252' title='bbox 226 1695 322 1733; x_wconf 78' lang='grc' dir='ltr'><strong><em>κατὰ</em></strong></span> <span class='ocrx_word' id='word_1_253' title='bbox 348 1697 598 1743; x_wconf 80' lang='grc' dir='ltr'>τετράγωνον,</span> <span class='ocrx_word' id='word_1_254' title='bbox 631 1698 694 1742; x_wconf 89' lang='lat' dir='ltr'>qui</span> <span class='ocrx_word' id='word_1_255' title='bbox 721 1698 957 1742; x_wconf 79' lang='lat' dir='ltr'>conspectuS,</span> <span class='ocrx_word' id='word_1_256' title='bbox 989 1699 1031 1732; x_wconf 87' lang='lat' dir='ltr'>ut</span> <span class='ocrx_word' id='word_1_257' title='bbox 1057 1708 1167 1741; x_wconf 85' lang='lat' dir='ltr'>supra</span> <span class='ocrx_word' id='word_1_258' title='bbox 1191 1697 1266 1731; x_wconf 88' lang='lat' dir='ltr'>iam</span> <span class='ocrx_word' id='word_1_259' title='bbox 1293 1696 1433 1731; x_wconf 87' lang='lat' dir='ltr'>dictum</span> 
     </span>
     <span class='ocr_line' id='line_1_37' title="bbox 225 1744 1018 1792; baseline -0.003 -12"><span class='ocrx_word' id='word_1_260' title='bbox 225 1758 262 1780; x_wconf 84' lang='lat' dir='ltr'>es</span> <span class='ocrx_word' id='word_1_261' title='bbox 265 1747 280 1780; x_wconf 89' lang='lat' dir='ltr'>t</span> <span class='ocrx_word' id='word_1_262' title='bbox 307 1746 370 1791; x_wconf 86' lang='lat' dir='ltr'>[sc.</span> <span class='ocrx_word' id='word_1_263' title='bbox 399 1749 417 1788; x_wconf 66' lang='grc' dir='ltr'>ξ</span> <span class='ocrx_word' id='word_1_264' title='bbox 445 1746 496 1792; x_wconf 84' lang='grc'>9],</span> <span class='ocrx_word' id='word_1_265' title='bbox 524 1756 703 1790; x_wconf 83' lang='lat' dir='ltr'>perquam</span> <span class='ocrx_word' id='word_1_266' title='bbox 729 1746 814 1779; x_wconf 82' lang='lat' dir='ltr'>sunt</span> <span class='ocrx_word' id='word_1_267' title='bbox 840 1744 1018 1780; x_wconf 84' lang='lat' dir='ltr'>efficaces.</span> 
     </span>
    </p>

    <p class='ocr_par' dir='ltr' id='par_1_14' title="bbox 81 1792 1419 2026">
     <span class='ocr_line' id='line_1_38' title="bbox 81 1792 315 1839; baseline -0.009 -10"><span class='ocrx_word' id='word_1_268' title='bbox 81 1793 185 1829; x_wconf 86' lang='lat' dir='ltr'>VIIII</span> <span class='ocrx_word' id='word_1_269' title='bbox 212 1792 315 1839; x_wconf 88' lang='grc'>[372]</span> 
     </span>
     <span class='ocr_line' id='line_1_39' title="bbox 177 1837 1430 1885; baseline -0.002 -10"><span class='ocrx_word' id='word_1_270' title='bbox 177 1845 198 1875; x_wconf 86' lang='grc'>4</span> <span class='ocrx_word' id='word_1_271' title='bbox 226 1839 364 1885; x_wconf 87' lang='lat' dir='ltr'>Vergil.</span> <span class='ocrx_word' id='word_1_272' title='bbox 386 1838 427 1874; x_wconf 79' lang='lat' dir='ltr'>G.</span> <span class='ocrx_word' id='word_1_273' title='bbox 448 1838 551 1873; x_wconf 85' lang='grc'>1239</span> <span class='ocrx_word' id='word_1_274' title='bbox 573 1839 744 1883; x_wconf 81' lang='lat' dir='ltr'>obliquus</span> <span class='ocrx_word' id='word_1_275' title='bbox 771 1850 845 1883; x_wconf 88' lang='lat' dir='ltr'>qua</span> <span class='ocrx_word' id='word_1_276' title='bbox 872 1849 909 1873; x_wconf 87' lang='lat' dir='ltr'>se</span> <span class='ocrx_word' id='word_1_277' title='bbox 936 1838 1125 1883; x_wconf 81' lang='lat' dir='ltr'>signorum</span> <span class='ocrx_word' id='word_1_278' title='bbox 1145 1838 1308 1874; x_wconf 81' lang='lat' dir='ltr'>uerteret</span> <span class='ocrx_word' id='word_1_279' title='bbox 1329 1837 1430 1873; x_wconf 82' lang='lat' dir='ltr'>ordo.</span> 
     </span>
     <span class='ocr_line' id='line_1_40' title="bbox 83 1852 968 1933; baseline -0.002 -11"><span class='ocrx_word' id='word_1_280' title='bbox 83 1887 116 1922; x_wconf 89' lang='lat' dir='ltr'>X</span> <span class='ocrx_word' id='word_1_281' title='bbox 144 1888 246 1933; x_wconf 81' lang='lat'>[376]</span> <span class='ocrx_word' id='word_1_282' title='bbox 274 1852 324 1921; x_wconf 77' lang='lat' dir='ltr'>cfg.</span> <span class='ocrx_word' id='word_1_283' title='bbox 348 1885 536 1922; x_wconf 86' lang='lat' dir='ltr'>Censorin.</span> <span class='ocrx_word' id='word_1_284' title='bbox 565 1885 609 1920; x_wconf 88' lang='lat' dir='ltr'>de</span> <span class='ocrx_word' id='word_1_285' title='bbox 636 1887 670 1920; x_wconf 87' lang='lat' dir='ltr'>d.</span> <span class='ocrx_word' id='word_1_286' title='bbox 699 1899 732 1921; x_wconf 92' lang='lat' dir='ltr'>n.</span> <span class='ocrx_word' id='word_1_287' title='bbox 760 1890 816 1929; x_wconf 86' lang='grc'>22,</span> <span class='ocrx_word' id='word_1_288' title='bbox 843 1889 968 1920; x_wconf 84' lang='grc'>9-17.</span> 
     </span>
     <span class='ocr_line' id='line_1_41' title="bbox 178 1933 631 1977; baseline -0.007 -7"><span class='ocrx_word' id='word_1_289' title='bbox 178 1939 196 1969; x_wconf 88' lang='grc'>2</span> <span class='ocrx_word' id='word_1_290' title='bbox 225 1934 330 1970; x_wconf 87' lang='lat' dir='ltr'>Ouid.</span> <span class='ocrx_word' id='word_1_291' title='bbox 358 1934 396 1968; x_wconf 88' lang='lat' dir='ltr'>F.</span> <span class='ocrx_word' id='word_1_292' title='bbox 423 1933 456 1968; x_wconf 89' lang='grc' dir='ltr'>Π</span> <span class='ocrx_word' id='word_1_293' title='bbox 484 1936 550 1968; x_wconf 84' lang='lat'>533</span> <span class='ocrx_word' id='word_1_294' title='bbox 579 1945 631 1977; x_wconf 87' lang='grc'>00.</span> 
     </span>
     <span class='ocr_line' id='line_1_42' title="bbox 226 1979 648 2026; baseline 0 -12"><span class='ocrx_word' id='word_1_295' title='bbox 226 1982 259 2019; x_wconf 70' lang='lat' dir='ltr'>(l</span> <span class='ocrx_word' id='word_1_296' title='bbox 284 1980 365 2016; x_wconf 88' lang='lat' dir='ltr'>Par.</span> <span class='ocrx_word' id='word_1_297' title='bbox 393 1979 510 2026; x_wconf 85' lang='lat' dir='ltr'>praef.</span> <span class='ocrx_word' id='word_1_298' title='bbox 537 1980 648 2025; x_wconf 81' lang='lat' dir='ltr'>prior.</span> 
     </span>
    </p>

    <p class='ocr_par' dir='ltr' id='par_1_15' title="bbox 178 2026 933 2069">
     <span class='ocr_line' id='line_1_43' title="bbox 178 2026 933 2069; baseline -0.004 -5"><span class='ocrx_word' id='word_1_299' title='bbox 178 2033 197 2064; x_wconf 88' lang='lat'>5</span> <span class='ocrx_word' id='word_1_300' title='bbox 225 2028 330 2064; x_wconf 87' lang='lat' dir='ltr'>Ouid.</span> <span class='ocrx_word' id='word_1_301' title='bbox 357 2027 396 2062; x_wconf 83' lang='lat' dir='ltr'>F.</span> <span class='ocrx_word' id='word_1_302' title='bbox 423 2027 455 2061; x_wconf 94' lang='lat' dir='ltr'><strong>V</strong></span> <span class='ocrx_word' id='word_1_303' title='bbox 484 2030 537 2062; x_wconf 90' lang='grc'>73.</span> <span class='ocrx_word' id='word_1_304' title='bbox 567 2030 622 2062; x_wconf 88' lang='grc'>85.</span> <span class='ocrx_word' id='word_1_305' title='bbox 659 2026 691 2064; x_wconf 68' lang='lat' dir='ltr'>(l</span> <span class='ocrx_word' id='word_1_306' title='bbox 716 2026 792 2061; x_wconf 89' lang='grc' dir='ltr'>Εο1.</span> <span class='ocrx_word' id='word_1_307' title='bbox 821 2030 875 2069; x_wconf 89' lang='grc'>11,</span> <span class='ocrx_word' id='word_1_308' title='bbox 903 2030 933 2061; x_wconf 86' lang='grc'>9.</span> 
     </span>
    </p>

    <p class='ocr_par' dir='ltr' id='par_1_16' title="bbox 178 2072 1429 2119">
     <span class='ocr_line' id='line_1_44' title="bbox 178 2072 1429 2119; baseline -0.002 -9"><span class='ocrx_word' id='word_1_309' title='bbox 178 2080 198 2110; x_wconf 86' lang='grc'>9</span> <span class='ocrx_word' id='word_1_310' title='bbox 226 2077 258 2113; x_wconf 73' lang='lat' dir='ltr'>(I</span> <span class='ocrx_word' id='word_1_311' title='bbox 285 2075 362 2110; x_wconf 88' lang='lat' dir='ltr'>Ecl.</span> <span class='ocrx_word' id='word_1_312' title='bbox 380 2079 462 2118; x_wconf 82' lang='lat'>17,9</span> <span class='ocrx_word' id='word_1_313' title='bbox 479 2074 748 2119; x_wconf 87' lang='lat' dir='ltr'>sidere,Virg0,</span> <span class='ocrx_word' id='word_1_314' title='bbox 764 2075 827 2108; x_wconf 86' lang='lat' dir='ltr'>tuo</span> <span class='ocrx_word' id='word_1_315' title='bbox 843 2073 1030 2108; x_wconf 87' lang='lat' dir='ltr'>Bacchum</span> <span class='ocrx_word' id='word_1_316' title='bbox 1047 2073 1265 2118; x_wconf 80' lang='lat' dir='ltr'>September</span> <span class='ocrx_word' id='word_1_317' title='bbox 1279 2072 1429 2117; x_wconf 86' lang='lat' dir='ltr'>opimat.</span> 
     </span>
    </p>

    <p class='ocr_par' dir='ltr' id='par_1_17' title="bbox 156 2119 1432 2214">
     <span class='ocr_line' id='line_1_45' title="bbox 156 2119 1432 2165; baseline -0.003 -8"><span class='ocrx_word' id='word_1_318' title='bbox 156 2127 196 2157; x_wconf 87' lang='lat'>11</span> <span class='ocrx_word' id='word_1_319' title='bbox 227 2123 259 2160; x_wconf 72' lang='lat' dir='ltr'>(I</span> <span class='ocrx_word' id='word_1_320' title='bbox 286 2122 362 2157; x_wconf 88' lang='lat' dir='ltr'>Ecl.</span> <span class='ocrx_word' id='word_1_321' title='bbox 394 2126 448 2164; x_wconf 85' lang='lat'>11,</span> <span class='ocrx_word' id='word_1_322' title='bbox 475 2125 518 2156; x_wconf 89' lang='grc'>22</span> <span class='ocrx_word' id='word_1_323' title='bbox 553 2122 630 2156; x_wconf 89' lang='lat' dir='ltr'>salo</span> <span class='ocrx_word' id='word_1_324' title='bbox 662 2132 833 2165; x_wconf 83' lang='lat' dir='ltr'>mergens</span> <span class='ocrx_word' id='word_1_325' title='bbox 861 2121 1056 2155; x_wconf 84' lang='lat' dir='ltr'>sollemnia</span> <span class='ocrx_word' id='word_1_326' title='bbox 1089 2120 1195 2165; x_wconf 83' lang='lat' dir='ltr'>signa</span> <span class='ocrx_word' id='word_1_327' title='bbox 1220 2119 1432 2155; x_wconf 84' lang='lat' dir='ltr'>Nouember</span> 
     </span>
     <span class='ocr_line' id='line_1_46' title="bbox 224 2168 779 2214; baseline -0.002 -10"><span class='ocrx_word' id='word_1_328' title='bbox 224 2168 448 2214; x_wconf 82' lang='lat' dir='ltr'>praecipitat</span> <span class='ocrx_word' id='word_1_329' title='bbox 475 2168 518 2203; x_wconf 89' lang='lat' dir='ltr'>cf.</span> <span class='ocrx_word' id='word_1_330' title='bbox 547 2169 612 2203; x_wconf 88' lang='lat' dir='ltr'>ecl.</span> <span class='ocrx_word' id='word_1_331' title='bbox 642 2173 697 2212; x_wconf 88' lang='grc'>17,</span> <span class='ocrx_word' id='word_1_332' title='bbox 726 2173 779 2203; x_wconf 93' lang='grc'>11.</span> 
     </span>
    </p>

    <p class='ocr_par' dir='ltr' id='par_1_18' title="bbox 157 2214 941 2261">
     <span class='ocr_line' id='line_1_47' title="bbox 157 2214 941 2261; baseline -0.001 -10"><span class='ocrx_word' id='word_1_333' title='bbox 157 2221 198 2252; x_wconf 87' lang='grc'>12</span> <span class='ocrx_word' id='word_1_334' title='bbox 225 2216 365 2261; x_wconf 83' lang='lat' dir='ltr'>Vergil.</span> <span class='ocrx_word' id='word_1_335' title='bbox 392 2214 434 2250; x_wconf 78' lang='lat' dir='ltr'>Gr.</span> <span class='ocrx_word' id='word_1_336' title='bbox 461 2216 477 2250; x_wconf 93' lang='lat' dir='ltr'>I</span> <span class='ocrx_word' id='word_1_337' title='bbox 504 2219 570 2250; x_wconf 83' lang='lat'>302</span> <span class='ocrx_word' id='word_1_338' title='bbox 598 2215 759 2260; x_wconf 86' lang='lat' dir='ltr'>genialis</span> <span class='ocrx_word' id='word_1_339' title='bbox 785 2215 941 2260; x_wconf 77' lang='lat' dir='ltr'>hiemps.</span> 
     </span>
    </p>

    <p class='ocr_par' dir='ltr' id='par_1_19' title="bbox 83 2262 984 2356">
     <span class='ocr_line' id='line_1_48' title="bbox 226 2262 837 2307; baseline -0.005 -7"><span class='ocrx_word' id='word_1_340' title='bbox 226 2264 258 2300; x_wconf 68' lang='lat' dir='ltr'>(I</span> <span class='ocrx_word' id='word_1_341' title='bbox 284 2263 359 2299; x_wconf 88' lang='lat' dir='ltr'>Ecl.</span> <span class='ocrx_word' id='word_1_342' title='bbox 389 2267 444 2307; x_wconf 91' lang='lat'>11,</span> <span class='ocrx_word' id='word_1_343' title='bbox 472 2266 515 2296; x_wconf 91' lang='lat'>14</span> <span class='ocrx_word' id='word_1_344' title='bbox 541 2262 706 2307; x_wconf 85' lang='lat' dir='ltr'>genialia</span> <span class='ocrx_word' id='word_1_345' title='bbox 731 2263 837 2298; x_wconf 80' lang='lat' dir='ltr'>festa.</span> 
     </span>
     <span class='ocr_line' id='line_1_49' title="bbox 83 2309 984 2356; baseline -0.002 -10"><span class='ocrx_word' id='word_1_346' title='bbox 83 2311 134 2346; x_wconf 88' lang='lat' dir='ltr'>XI</span> <span class='ocrx_word' id='word_1_347' title='bbox 162 2311 262 2356; x_wconf 86' lang='grc'>[377]</span> <span class='ocrx_word' id='word_1_348' title='bbox 290 2310 335 2346; x_wconf 82' lang='lat' dir='ltr'>cf.</span> <span class='ocrx_word' id='word_1_349' title='bbox 364 2309 550 2345; x_wconf 78' lang='lat' dir='ltr'>censorin.</span> <span class='ocrx_word' id='word_1_350' title='bbox 579 2310 623 2344; x_wconf 86' lang='lat' dir='ltr'>de</span> <span class='ocrx_word' id='word_1_351' title='bbox 650 2310 684 2346; x_wconf 84' lang='lat' dir='ltr'>d.</span> <span class='ocrx_word' id='word_1_352' title='bbox 710 2322 744 2344; x_wconf 88' lang='lat' dir='ltr'>n.</span> <span class='ocrx_word' id='word_1_353' title='bbox 772 2314 827 2355; x_wconf 86' lang='grc'>22,</span> <span class='ocrx_word' id='word_1_354' title='bbox 855 2313 984 2344; x_wconf 86' lang='grc'>9-17.</span> 
     </span>
    </p>
   </div>
  </div>
 </body>
</html>
