1563 2511
630 78 684 82 -
747 66 844 96 LXII
910 79 958 84 -

335 158 492 192 ποποιιά
517 156 555 191 in
583 158 750 192 chartam
769 158 797 192 P
824 159 879 192 Ad
906 158 1075 193 libellum
1101 171 1207 194 suum
1233 159 1322 204 quid
1348 161 1473 205 potius

336 204 430 239 uelit
454 203 573 239 tineas
600 205 661 239 uel
687 206 823 240 cariem
849 205 909 250 Gx
935 217 1000 241 om.
1028 209 1103 241 cett.

195 256 239 286 35
268 251 320 285 De
360 251 506 286 nomine
545 253 735 287 cuiusdam
779 219 909 287 Lutiix
918 253 1062 298 sculpto
1108 252 1145 287 in
1183 265 1365 289 marmore
1410 255 1470 300 Gx

334 310 399 333 om.
427 303 503 334 cett.

191 349 234 380 35
262 357 297 379 u.
326 350 343 381 7
366 358 418 390 sq.
444 357 580 381 nouum
605 357 750 381 carmen
775 347 816 381 in
843 346 944 391 TKp
971 358 1049 381 cum
1075 348 1182 382 titulo
1207 347 1278 393 Epi
1304 350 1344 383 in
1370 349 1402 382 K

190 397 234 427 36
262 393 315 427 De
343 393 481 428 Sabina
505 392 662 428 textrice
689 396 725 428 eb
751 392 916 428 carmina
941 393 1101 429 faciente
1129 394 1188 439 Gx
1214 394 1308 430 Item
1334 395 1412 429 MK

191 442 234 474 38
261 440 354 475 Ibem
380 440 437 473 Ml
462 441 564 475 Idem
591 439 685 474 ΚΜ2
712 440 766 475 De
793 441 920 475 eadem
948 440 1086 476 Sabina
1112 441 1172 486 Gx

192 491 236 521 39
264 488 316 523 De
341 487 470 532 puella
496 498 606 531 quam
632 489 784 522 amabat
810 487 887 522 MG
913 499 978 522 om.
1006 493 1082 524 cett.

190 538 235 568 40
262 533 316 569 De
344 535 486 570 duobus
512 534 690 569 fratribus
718 534 777 579 Gx
804 546 869 570 om.
897 539 972 570 cett.

169 585 234 616 119
264 582 456 624 Quoddam
484 581 590 626 quasi
617 581 791 626 aenigma
816 582 861 617 de
880 581 999 617 tribus
1020 582 1171 618 incestis
1192 582 1251 628 Gz
1278 584 1332 617 De
1357 583 1471 619 trium

334 628 574 663 concubitum
599 629 632 663 Κ
665 628 843 664 Iocositas
878 630 922 664 de
947 629 1067 664 tribus
1093 629 1133 664 in
1158 641 1230 665 uno
1258 630 1470 667 dormienti-

334 677 400 710 bus
427 677 523 711 lecto
550 689 574 721 g
601 688 666 711 om.
693 680 770 711 cett.

120 737 143 776 †
193 738 239 768 44
265 735 383 779 (Voss.
407 739 441 775 7)
468 736 520 770 De
540 734 755 770 Philomuso
776 734 1021 780 grammatico
1041 735 1074 769 V
1101 735 1142 770 In
1162 736 1418 772 Philomusum
1437 737 1470 771 K

332 783 391 816 Ad
431 782 686 817 Philomusum
724 782 788 827 qui
826 782 1079 818 arbitrabatur
1119 795 1156 818 se
1196 783 1347 819 doctum
1386 796 1467 819 cum

332 829 427 864 nihil
453 830 566 864 sciret
591 830 650 873 Gz
676 841 742 864 om.
769 834 847 865 cett.

118 878 140 918 †
191 880 236 911 46
264 875 382 920 (Voss.
414 878 471 921 12)
498 877 599 911 Idem
621 876 653 909 V
691 877 731 911 In
751 877 883 912 tabula
901 876 965 911 ubi
986 878 1066 911 erat
1086 877 1189 922 picta
1209 877 1263 921 (In
1281 877 1468 922 picssuram

119 925 141 966 †
191 927 235 958 47
263 924 384 967 (Voss.
416 926 472 967 13)
499 923 601 959 Idem
621 879 730 967 Viin
762 936 835 968 qua
861 925 939 959 erat
970 924 1121 968 depicta
1153 927 1186 969 χ)
1219 926 1343 969 imago
1369 926 1467 960 Ruffi

331 970 492 1006 rhetoris
519 971 693 1015 (rhetoris
720 982 787 1006 om.
815 973 848 1016 χ)
877 971 907 1006 G
915 985 935 1016 χ
965 971 1023 1006 Ad
1049 972 1197 1006 Ruffum
1224 972 1410 1017 elinguem
1434 973 1468 1008 K

330 1029 395 1053 om.
425 1022 500 1053 cett.
529 1018 606 1064 [sed
631 1019 828 1054 coniuncta
851 1019 938 1053 haec
963 1020 1225 1064 epiyrammata
1250 1021 1291 1054 in
1317 1020 1394 1064 ΖΤ]

115 1068 138 1103 -1-
198 1069 241 1100 48
269 1065 389 1109 (Voss.
417 1067 452 1109 8)
479 1065 533 1099 De
554 1065 649 1100 Rufo
670 1068 791 1101 retore
812 1066 844 1099 V
872 1066 924 1100 De
951 1066 1057 1100 Ruffo
1077 1066 1109 1100 K
1134 1065 1188 1101 De
1215 1067 1346 1101 eodem
1372 1067 1468 1102 Rufo

331 1113 361 1147 G
388 1123 453 1147 om.
481 1116 555 1147 cett.

194 1174 238 1206 50
265 1172 304 1205 In
331 1171 481 1205 Ruffum
501 1171 533 1205 K
557 1172 612 1205 De
638 1171 761 1206 uerbis
788 1171 953 1206 eiusdem
979 1171 1078 1206 Ruffi
1100 1171 1131 1206 G
1161 1171 1214 1206 De
1239 1172 1364 1207 uerbis
1390 1172 1469 1217 qui-

333 1219 400 1252 bus
431 1230 519 1253 usus
553 1221 609 1254 est
639 1218 767 1253 Ruffus
799 1218 1066 1263 grammaticus
1100 1220 1220 1253 malus
1247 1233 1266 1263 χ
1293 1231 1360 1254 om.
1389 1224 1466 1256 cett.

117 1279 140 1319 †
191 1281 233 1312 51
264 1277 382 1321 (Voss.
413 1280 469 1322 10)
495 1277 598 1312 Idem
625 1278 657 1312 V
685 1279 726 1312 In
752 1277 901 1312 Ruffum
926 1278 957 1312 K
988 1278 1041 1313 De
1068 1277 1232 1323 imagine
1258 1278 1357 1314 Ruffi
1383 1280 1467 1314 rhe-

329 1324 420 1359 toris
447 1324 606 1370 elinguis
633 1325 663 1360 G
673 1339 693 1370 χ
719 1336 785 1359 om.
813 1329 890 1359 cett.

117 1374 140 1415 ’ξ-
192 1375 234 1406 52
264 1372 382 1416 (Voss.
413 1375 469 1415 11)
496 1373 598 1407 ldem
623 1371 656 1405 V
690 1372 743 1407 De
775 1372 903 1406 eadem
929 1371 1026 1406 Ruffi
1054 1373 1179 1407 statua
1205 1372 1263 1417 Gx
1295 1384 1360 1408 om.
1388 1377 1463 1410 cett.

521 1419 580 1465 [51
608 1423 631 1462 †
657 1423 700 1454 52
729 1420 923 1454 coniuncta
948 1420 989 1454 in
1015 1419 1069 1464 M]

168 1470 236 1500 250
264 1466 392 1511 (Epit.)
414 1466 466 1501 De
488 1465 638 1501 Glautia
656 1467 841 1501 inmatura
859 1468 980 1500 morte
999 1469 1203 1511 praeuento
1219 1466 1250 1502 G
1258 1480 1278 1511 χ
1298 1477 1364 1502 om.
1385 1471 1464 1502 cett.

119 1529 141 1569 †
171 1529 238 1560 248
266 1525 393 1571 (Epit.)
420 1525 461 1560 In
486 1525 663 1570 Diogenis
687 1525 814 1569 Cynici
841 1526 1038 1570 sepulchro
1065 1525 1101 1559 in
1130 1537 1202 1569 quo
1228 1526 1282 1571 (in
1307 1537 1379 1571 quo
1399 1537 1465 1562 om.

328 1573 367 1615 Z)
395 1584 462 1617 pro
494 1573 606 1608 titulo
641 1573 741 1608 canis
775 1573 920 1617 signum
953 1578 1009 1608 est
1039 1574 1119 1618 (pro
1147 1594 1191 1598 —
1219 1575 1275 1608 est
1300 1584 1367 1609 om.
1394 1574 1464 1618 ΚΡ)

116 1670 139 1709 †
189 1671 234 1701 54
262 1620 685 1712 (uuV3Z—-(Sovgx.n13)ldem
699 1667 730 1701 V
754 1667 806 1701 De
828 1667 949 1712 effigie
970 1667 1067 1713 regis
1084 1667 1208 1702 Croesi
1228 1667 1287 1712 Gx
1307 1678 1372 1702 om.
1388 1672 1464 1703 cett.

162 1730 232 1760 245
260 1726 392 1771 (Epit.)
420 1726 462 1761 In
489 1727 635 1771 signum
662 1737 909 1761 marmoreum
930 1725 1067 1761 Niobes
1092 1727 1115 1761 Z
1144 1729 1182 1761 eb
1206 1738 1250 1761 ex
1276 1736 1318 1761 eo
1345 1737 1465 1772 reper-

329 1785 455 1808 cussus
483 1775 566 1810 add.
593 1773 658 1818 Μχ
685 1773 738 1807 De
765 1773 884 1808 Niobe
911 1786 935 1818 g

189 1824 232 1854 42
260 1820 313 1855 De
345 1821 498 1856 Pallade
531 1833 554 1866 g
594 1788 658 1855 Dex
679 1820 831 1855 Pallade
864 1822 1013 1856 uolente
1052 1822 1193 1856 certare
1231 1821 1342 1856 armis
1380 1831 1462 1855 cum

330 1868 474 1903 Venere
501 1868 561 1913 Gx
587 1879 651 1903 om
680 1871 756 1903 cett.

185 1919 228 1949 55
255 1914 309 1949 De
335 1915 449 1950 Laide
476 1915 623 1950 dicante
650 1914 785 1950 Veneri
811 1916 1002 1960 speculum
1029 1927 1135 1950 suum
1162 1915 1192 1950 G
1202 1929 1222 1960 χ
1250 1926 1314 1950 om.
1343 1919 1418 1951 cett.

187 1967 230 1997 56
257 1964 378 2007 spatio
403 1963 526 1998 relicto
551 1963 680 1998 titulus
706 1973 771 1998 om.
798 1963 839 1997 in
865 1962 906 2006 Z,
933 1966 1046 1999 totum
1071 1973 1214 1998 carmen
1239 1963 1333 1998 deest
1357 1962 1386 1996 T

185 2013 228 2044 57
256 2010 310 2044 De
336 2010 500 2055 imagine
526 2009 679 2045 Veneris
705 2010 852 2054 sculpta
879 2022 900 2045 a
925 2009 1105 2045 Prasitele
1128 2010 1186 2054 Gx
1213 2010 1379 2045 Caudam
1404 2010 1462 2045 uel

327 2056 483 2092 Cuidam
509 2059 573 2102 (an
599 2056 772 2091 Gnidiam
783 2060 813 2101 ‘?)
839 2057 872 2090 K

185 2108 228 2138 58
255 2104 295 2137 In
322 2104 495 2138 buculam
522 2107 683 2148 (aeream
709 2105 792 2139 add.
821 2104 851 2139 G
861 2105 894 2148 χ)
922 2103 1084 2149 Myronis
1111 2104 1135 2137 Z

184 2155 227 2185 59
255 2152 356 2186 Idem
384 2151 461 2186 MK
494 2151 545 2187 De
573 2152 702 2186 eadem
727 2151 863 2186 bucula
888 2152 1050 2195 Myronis
1077 2153 1200 2194 (aerea
1225 2151 1309 2186 add.
1337 2153 1372 2195 χ)
1399 2151 1458 2195 Gx

183 2202 227 2233 60
253 2198 356 2233 Idem
382 2199 461 2232 MK
486 2199 543 2232 Ad
569 2198 777 2233 Daedalum
805 2199 849 2233 de
877 2200 1006 2233 eadem
1033 2198 1169 2233 bucula
1195 2197 1255 2242 Gx

183 2249 227 2280 64
253 2245 355 2280 Idem
389 2245 466 2279 MK
499 2246 551 2280 De
585 2246 713 2281 eadem
747 2245 912 2290 Myronis
944 2246 1081 2280 bucula
1107 2245 1165 2289 Gx
1200 2246 1272 2280 iam
1299 2244 1458 2280 habente

326 2292 498 2337 spiritum
525 2294 608 2328 add.
637 2293 667 2328 G
