1563 2511
671 78 989 120 —398—

159 200 341 240 quarum
376 184 741 226 enumerationem
773 184 909 225 multa
941 186 1136 225 ueterum
1163 182 1409 225 fabularum
1435 197 1504 225 ue-

159 247 331 286 nustate
364 243 564 285 contexit.
1533 254 1563 285 1(

789 357 868 392 XII.

300 427 454 476 <Αὗτὰρ
481 427 564 464 ἐπεὶ
590 433 773 474 ποταμοῖο
798 429 904 463 λιπεν
932 426 1022 472 ῥ’όον
1045 425 1267 474 Ὠκεανοῖο)

301 477 454 522 Iamque
481 477 573 512 adeo
600 476 739 511 Oceani
764 475 926 520 liquidos
953 475 1046 520 pede
1073 474 1236 518 liquerat
1261 485 1399 509 amnes

249 560 493 616 Compertis
539 577 563 603 a
607 560 782 602 Teresia
825 564 945 613 uate,
995 574 1101 614 quae
1153 559 1344 613 oportuit
1389 559 1508 611 seire,

159 622 400 675 regreditur
438 621 490 662 ad
524 619 693 662 Circam
732 619 786 661 ab
825 633 975 674 eaque,
1019 622 1067 660 ut
1105 619 1256 671 enitet,
1297 618 1347 658 de
1385 617 1506 658 malis

160 680 312 722 ceteris
346 680 562 721 edocetur:
602 682 648 719 ut
680 677 852 719 Sirenas
885 680 1147 731 praetereat,
1185 677 1357 718 letalem
1390 677 1506 717 naui·
1534 689 1553 719 5

161 740 354 793 gantium
405 738 684 779 cantilenam:
735 739 783 778 ut
829 735 1019 791 Scyllam
1068 735 1421 790 praeteruehatur
1467 738 1510 776 et

162 797 431 852 Charybdin,
463 796 563 837 freti
591 795 724 838 Siculi
750 796 917 837 famosa
942 798 1157 849 portenta.
1202 795 1356 848 quibus
1383 794 1508 835 malis

162 871 247 898 non
280 857 370 897 sine
403 855 527 910 graui
559 855 835 910 perpessione
868 854 1082 908 superatis
1115 853 1381 895 Trinacriam
1414 867 1508 907 per-

161 915 350 970 uehitur⁷
382 915 456 956 ubi
483 918 525 956 et
550 914 814 956 incustodita
840 912 952 955 Solis
980 916 1191 966 armenta,
1223 912 1384 954 frustra
1415 926 1508 965 pro-

161 974 335 1016 hibente
378 975 493 1028 ipso,
536 974 665 1015 ceteri
710 973 815 1015 socii
858 973 1037 1027 penuria
1081 975 1260 1027 cogente
1299 971 1509 1012 dilaniant
1537 984 1563 1014 1«

162 1034 350 1088 dirisque
387 1033 597 1088 prodigiis
637 1032 826 1074 admissa
864 1032 992 1074 boum
1030 1031 1157 1073 caede
1188 1032 1422 1072 terrentur:
1462 1044 1510 1071 ac

162 1107 260 1134 mox
297 1092 395 1134 inde
433 1092 689 1146 nauigantes
727 1091 907 1133 fulmine
941 1091 993 1132 ad
1026 1105 1156 1131 unum
1195 1104 1342 1131 omnes
1377 1089 1510 1130 inter-

161 1154 263 1193 eunt
294 1154 471 1205 excepto
505 1151 649 1205 Vlixe,
689 1151 760 1205 qui
797 1150 1042 1206 fragmento
1076 1149 1244 1191 carinae
1277 1148 1509 1190 cohaerens

162 1214 204 1253 et
235 1210 493 1252 adminiculo
527 1210 615 1252 eius
650 1209 820 1251 adiutus
847 1209 900 1251 ad
927 1208 1145 1264 Ogygiam
1176 1208 1359 1250 insulam
1393 1207 1508 1248 solus

161 1271 316 1312 enauit.
1538 1280 1563 1309 1³

787 1384 882 1419 XIII.

293 1452 359 1496 ‘2529
386 1452 520 1500 ἔφαθ’,
549 1453 586 1490 οἷ
609 1453 647 1490 δ’
675 1453 750 1499 ἄρα
775 1452 914 1494 πάντες
939 1451 1037 1499 ἀκὴν
1065 1451 1239 1499 ἐγένοντο
1266 1451 1409 1498 σιωπήν

304 1503 522 1539 Conticuere
549 1515 674 1538 omnes
702 1503 909 1546 intentique
936 1512 1000 1537 ora
1026 1501 1214 1537 tenebant.

250 1587 477 1630 Enarratis
511 1588 725 1641 omnibus,
767 1601 875 1641 quae
908 1587 953 1628 in
985 1585 1213 1639 multiplici
1246 1599 1387 1626 errore
1419 1599 1510 1639 per-

161 1647 340 1701 tulerat,
379 1662 403 1688 a
435 1647 701 1702 principibus
734 1646 969 1687 Phaeaciae
1007 1645 1112 1686 uiris
1151 1645 1273 1686 donis
1311 1643 1508 1699 plurimis

161 1707 410 1749 honoratur.
473 1721 497 1748 a
531 1706 686 1761 quibus
726 1705 907 1761 remigio
947 1707 990 1746 et
1020 1703 1272 1745 necessariis
1313 1703 1508 1744 omnibus
1535 1713 1556 1744 5

163 1766 284 1807 nauis
324 1766 553 1807 instruitur
591 1764 892 1819 dormiensque
930 1765 975 1805 111
1006 1763 1202 1805 Ithacam
1240 1761 1509 1817 quietissima

256 1906 342 1940 XIII
369 1910 388 1940 2
418 1906 555 1950 Vergil.
583 1907 614 1939 A
640 1904 673 1938 II
702 1910 718 1939 1
747 1905 956 1939 conticuere
985 1925 1026 1928 —
1053 1902 1242 1939 tenebant.

256 2024 323 2058 XII
360 2028 380 2058 2
408 2023 558 2058 occeani
584 2023 620 2057 P
657 2024 660 2064 Ι
702 2033 813 2057 annes
841 2022 877 2055 P
969 2026 989 2055 3
1016 2021 1151 2056 teresia
1175 2021 1211 2055 P
1305 2024 1326 2054 4
1353 2020 1397 2053 de
1424 2019 1507 2054 add.

165 2072 306 2116 Peipcr
321 2082 386 2106 om.
402 2071 438 2104 P
458 2073 463 2115 Ι
485 2069 585 2104 mala
606 2073 730 2104 cetera
750 2069 917 2113 Vjoletus
976 2073 996 2103 5
1017 2079 1165 2112 syrenas
1183 2068 1219 2101 P
1273 2072 1292 2102 6
1319 2066 1512 2102 scillamP

165 2123 184 2153 ’7
212 2130 298 2163 cary
302 2119 390 2153 bdin
414 2118 451 2152 P
522 2121 541 2151 8
569 2115 755 2151 trmachri
751 2127 809 2150 1111
840 2116 875 2149 P
947 2120 966 2150 9
994 2115 1058 2150 ubi
1085 2116 1137 2160 et]
1166 2118 1203 2149 et
1228 2115 1293 2150 del.
1321 2114 1509 2148 Auantius

213 2171 252 2200 11
283 2165 410 2211 boum]
440 2164 487 2199 ad
513 2165 585 2198 box‘]
612 2164 647 2198 P
745 2167 784 2197 12
813 2163 963 2197 flumine
993 2163 1028 2196 P
1125 2167 1168 2196 14
1193 2173 1379 2206 α3)3)3,111
1405 2161 1441 2195 Ρ

256 2225 340 2259 XIII
371 2230 385 2258 1
415 2220 556 2269 ἔφαθ]
583 2232 618 2266 <521
622 2235 652 2258 11
681 2222 716 2256 P
742 2226 745 2257 Ι
779 2233 918 2256 <iurum
943 2222 980 2256 P
1073 2225 1092 2255 2
1121 2232 1247 2255 omnes
1274 2231 1400 2255 omnes
1428 2219 1464 2253 P

163 2276 183 2305 3
212 2272 299 2306 Enn·
295 2270 428 2306 wratis
455 2272 491 2305 P
572 2274 594 2304 4
620 2269 708 2305 tetie
735 2270 771 2304 P
854 2275 873 2304 5
902 2281 924 2303 a
949 2267 1098 2314 quibus]
1127 2267 1265 2310 Quibus
1294 2268 1329 2301 1²
1342 2267 1510 2313 qulctns

212 2325 231 2355 6
257 2320 433 2363 §thacam
461 2319 497 2352 P
