1563 2511
622 80 676 86 -—
739 68 842 98 XIIII
907 81 956 86 --

120 163 259 205 oratio
301 162 490 217 (praeter
521 162 754 203 uersiculos
787 162 896 204 istos
929 161 978 203 de
1010 160 1220 218 notario),
1256 161 1462 216 Epicedio

118 225 184 264 est
223 222 402 276 abrepta
439 220 668 275 praefati03
706 224 750 263 at
781 223 942 275 quanta
974 223 1040 262 est
1072 221 1338 276 singulorum
1369 235 1462 262 uer-

119 296 243 323 suum
273 281 452 334 iactura,
484 282 647 334 quanta
676 280 954 334 perturbatio,
987 294 1095 334 quae
1122 279 1341 333 corruptio
1370 293 1460 321 uer-

118 340 284 382 boruml
343 338 447 380 adde
492 339 681 380 solutum
720 339 934 380 minorum
981 338 1218 380 carminum
1256 337 1461 391 ordinem,

118 412 225 453 quae
253 397 342 439 siue
369 400 469 439 sunt
494 398 714 451 epitaphia
740 398 829 439 siue
850 399 1164 453 epigrammata
1189 397 1280 438 siue
1301 371 1461 451 epilogi

117 457 326 498 librorum
360 457 450 498 siue
476 456 686 499 maiorum
712 457 950 498 carminum
977 456 1227 510 particulae,
1258 456 1302 496 in
1328 469 1460 496 unum

116 515 260 557 omnia
290 515 422 557 istum
461 514 838 570 Epigrammatum
876 517 1043 556 uastam
1082 515 1323 556 conluuiem
1361 528 1459 556 con-

115 574 226 615 lecta
266 576 378 616 sunt.
441 577 486 615 at
523 577 644 628 parte
678 589 727 615 ex
760 574 845 616 alia
878 588 966 616 non
997 576 1086 615 tam
1117 587 1236 615 raras
1269 573 1458 614 inuenies

113 632 318 674 lectiones
363 632 579 688 egregias,
623 633 777 687 quibus
821 633 939 675 uitiis
983 633 1028 673 in
1066 631 1279 673 Vossiano
1319 631 1459 673 obuiis

115 691 324 733 medearis
350 690 418 747 (ut
443 691 581 746 Epist.
607 691 735 733 XIIII
768 691 873 743 [IIII
900 691 1002 743 393]
1037 707 1076 732 u.
1110 691 1177 745 70,
1211 691 1307 743 101,
1343 688 1459 744 104),

114 764 222 805 quae
254 765 305 792 ex
339 751 631 793 uetustissimo
665 753 707 792 et
738 751 1028 792 sincerissimo
1061 749 1181 791 fonte
1215 749 1457 790 deriuatum

116 809 198 850 hoc
229 824 383 863 corpus
417 809 725 851 demonstrant.

230 867 353 908 Vnde
398 868 504 910 haec
549 868 727 910 oriunda
772 882 863 909 esse
906 868 1024 910 foliis
1064 866 1369 921 superstitibus
1407 880 1456 907 ex

112 925 256 968 codice
289 926 432 980 aliquo
465 927 620 981 prioris
653 927 804 969 classis
830 927 1194 979 detruncatorum,
1226 939 1331 980 quae
1357 939 1456 966 mox

113 999 210 1026 cum
248 986 603 1039 quaternionibus
642 986 686 1027 in
722 986 807 1027 fine
839 985 1030 1040 abreptis
1061 984 1108 1025 in
1141 998 1271 1025 unum
1304 998 1456 1038 eorpus

112 1044 414 1097 coalescerent,
453 1045 554 1086 olim
593 1045 773 1098 probare
813 1044 974 1097 studui,
1011 1058 1088 1085 nec
1125 1043 1263 1084 habeo
1297 1056 1370 1084 cur
1402 1042 1456 1083 ab

111 1102 186 1143 illa
224 1103 424 1156 opinione
467 1117 578 1144 nunc
616 1103 811 1144 recedam
849 1101 953 1158 (uid.
991 1102 1160 1144 Ueberl.
1198 1117 1236 1155 p.
1276 1101 1358 1142 281
1396 1115 1456 1154 sq.

112 1163 154 1202 et
192 1161 236 1202 in
278 1176 326 1202 ea
359 1163 482 1215 parte
514 1161 870 1203 conmentationis
903 1176 1034 1215 meae,
1067 1175 1150 1215 qua
1182 1161 1232 1200 de
1265 1159 1454 1201 Techno-

110 1220 280 1274 paegnii
313 1220 435 1261 libris
468 1221 536 1275 egi
569 1236 592 1271 a
624 1235 663 1274 p.
690 1221 774 1262 282
809 1220 861 1261 ad
893 1220 1010 1274 291.)

198 1277 316 1320 Haec
336 1279 469 1334 igitur
486 1282 635 1321 nostra
655 1283 720 1321 est
741 1279 790 1320 de
810 1279 931 1320 libris
947 1278 1207 1320 Ausonianis
1229 1276 1457 1331 sententia,

110 1351 192 1390 qua
237 1337 336 1392 quid
377 1338 646 1380 auctoritatis
688 1338 871 1393 singulis
911 1338 1131 1379 ordinibus
1172 1336 1453 1378 concedamus

109 1396 154 1436 in
185 1397 446 1450 uniuersum,
479 1400 546 1438 sat
571 1398 809 1452 apparebit
859 1397 1030 1438 interim
1057 1397 1307 1450 priusquam
1334 1395 1452 1450 ipsos

110 1454 275 1496 codices
324 1455 640 1510 describamus,
684 1471 766 1511 quo
813 1456 981 1497 facilius
1025 1455 1328 1510 intellegatur,
1369 1468 1452 1508 quo

110 1513 235 1555 modo
281 1515 346 1555 illi
389 1518 476 1556 tres
521 1515 689 1557 ordines
730 1515 845 1556 inter
889 1529 932 1556 se
983 1514 1132 1569 partiti
1177 1514 1263 1555 sint
1307 1513 1452 1567 copias

109 1573 394 1627 Ausonianas,
426 1573 534 1616 hanc
567 1574 771 1616 subiciam
803 1574 1012 1615 tabulam:

1041 1696 1136 1721 Paris.
1157 1696 1226 1721 8500
1248 1676 1449 1738 cgjlfisalssffet

839 1733 928 1757 Voss.
950 1734 997 1757 m
1054 1734 1208 1797 Excssipta
1264 1747 1420 1789 GaPtssbfi·

1309 1790 1401 1809 lensslss

142 1817 157 1850 Ι
183 1818 507 1854 Praefatiunculae
1288 1791 1306 1815 g

242 1865 267 1898 I.
296 1865 328 1899 11
353 1865 509 1901 Lectori.
538 1866 708 1910 Syagrio.
749 1895 754 1901 .
796 1895 802 1901 .
902 1865 934 1899 V
1109 1886 1152 1890 —-
1325 1886 1365 1891 —-

207 1911 257 1946 III
284 1913 483 1948 Theodosii
511 1913 671 1958 epistula
700 1942 707 1948 .
748 1942 753 1948 .
796 1942 801 1948 .
896 1934 937 1937 —
1114 1913 1141 1946 P
1321 1933 1365 1938 —

189 1959 258 1992 ΠΙΙ
284 1960 492 1996 Theodosio
512 1988 801 1997 .......
900 1960 932 1993 V
1114 1961 1141 1994 P
1322 1980 1363 1984 —

124 2041 154 2075 ΙΙ
182 2042 399 2087 Ephemeris

242 2089 265 2124 I.
293 2089 335 2122 H.
363 2089 531 2124 IIII—VI
558 2089 659 2125 VIII.
701 2118 706 2124 .
748 2118 754 2124 .
795 2118 800 2124 .
900 2089 930 2122 V
1110 2110 1152 2114 —
1322 2109 1363 2114 —

204 2135 256 2170 HI
283 2136 409 2171 Oratio
462 2165 797 2173 ........
898 2136 1002 2171 VPss'i
1108 2157 1150 2162 —
1316 2135 1370 2170 CZ

1331 2182 1355 2216 N

187 2183 255 2218 VH
283 2185 328 2218 ad
355 2183 540 2219 notarium
559 2212 799 2219 ......
895 2204 935 2209 -

198 2278 232 2320 ³)
260 2279 285 2312 P
307 2296 350 2307 =
371 2278 485 2313 Paris.
513 2281 602 2313 7558
