1563 2511
603 56 916 98 -238—

143 164 315 206 Oblitus
349 163 437 204 alto
468 162 665 218 neglegis
697 161 903 204 fastidio?

201 221 453 263 Plectendus
488 222 680 275 exemplo
713 224 806 274 tuo,

143 280 200 322 Ni
235 280 403 322 stabilis
437 294 542 321 aeuo
575 281 760 334 pectoris
793 279 930 320 nostri
962 277 1065 319 fides
1383 287 1428 318 35

203 338 469 393 Quamquam
500 341 746 380 recusantes
779 339 906 380 amet.

146 398 262 439 Vale.
312 398 454 438 ualere
487 397 522 438 si
554 397 672 438 uoles
706 411 792 450 me,
824 396 1000 450 peruola

202 455 309 498 Cum
342 456 498 497 scrinio
532 459 575 497 et
606 456 739 497 musis
771 456 870 496 tuis.

12 631 72 656 ΧΠ
95 631 156 661 [405
176 632 228 656 406
243 631 379 661 Ep.xv1]

211 687 452 723 AVSONIVS
481 686 640 722 PROBO
666 686 950 721 PRAEFECTO
977 684 1250 721 PRAETORIO
1279 684 1313 719 S.

173 783 331 825 Oblata
373 797 449 836 per
493 782 760 836 antiquarios
805 796 926 823 mora
971 782 1058 823 seio
1103 781 1303 836 promissi
1348 780 1431 822 mei

83 842 268 897 gratiam
302 841 596 895 expectatione
629 842 938 894 consumptam,
970 840 1120 894 Probe,
1154 840 1222 880 uir
1251 839 1428 894 optime3

82 901 125 941 in
165 900 358 942 secundis
394 903 539 940 tamen
569 899 706 940 habeo
739 913 826 940 non
857 898 1071 940 fefellisse.
1123 899 1330 952 apologos
1363 897 1431 938 Ti-

83 960 190 1001 tiani
229 961 272 1000 et
302 957 485 1012 Nepotis
525 957 723 998 chronica
762 957 884 1011 quasi
923 957 1031 998 alios
1070 957 1278 1012 apologos
1312 954 1432 1012 (nam

82 1020 124 1058 et
162 1017 256 1072 ipsa
294 1018 432 1058 instar
470 1018 570 1057 sunt
607 1014 871 1071 fabularum)
912 1016 965 1057 ad
1002 1016 1275 1057 nobilitatem
1312 1018 1430 1056 tuam
1457 1026 1476 1056 5

82 1077 192 1130 misi,
224 1075 415 1130 gaudens
449 1078 576 1129 atque
609 1075 739 1116 etiam
772 1074 964 1130 glorians
995 1074 1087 1116 fore
1114 1073 1288 1128 aliquid,
1319 1073 1431 1127 quod.

82 1134 134 1176 ad
176 1134 493 1175 institutionem
526 1135 700 1174 tuorum
733 1133 975 1174 sedulitatis
1008 1147 1127 1175 meae
1160 1132 1301 1174 studio
1334 1146 1430 1173 eon·

80 1193 255 1235 feratur.
329 1192 475 1233 libello
525 1194 671 1233 tamen
723 1192 1004 1246 apologorum
1049 1191 1229 1233 antetuli
1271 1204 1430 1245 paucos

81 1252 254 1307 epodos,
281 1251 421 1292 studio
448 1251 493 1292 in
518 1253 561 1292 te
584 1251 884 1292 obseruantiae
906 1265 1024 1292 meae
1045 1249 1430 1304 impudentissimo,

81 1324 241 1365 paucos
274 1309 456 1364 quidem,
489 1311 537 1350 ut
569 1323 649 1364 ego
681 1310 839 1363 loquax
871 1309 1031 1351 iudico:
1064 1323 1212 1350 uerum
1244 1311 1303 1362 tu,
1335 1322 1430 1349 eum
1457 1318 1500 1348 10

80 1369 256 1424 legeris,
296 1369 425 1409 etiam
462 1367 643 1409 nimium
683 1368 842 1409 multos
874 1367 1058 1421 putabis.
1121 1367 1272 1408 adiuro
1305 1366 1431 1407 bene-

80 1428 318 1469 uolentiam
355 1429 494 1480 tuam,
531 1426 810 1468 uerecundiae
848 1441 968 1467 meae
1006 1428 1177 1479 testem,
1221 1439 1292 1466 eos
1325 1425 1432 1466 mihi

82 1486 226 1527 subita
256 1485 535 1539 persuasione
567 1484 749 1526 fluxisse.
801 1500 900 1525 nam
933 1485 1026 1539 quis
1059 1484 1138 1526 hos
1171 1484 1241 1525 diu
1267 1484 1429 1538 eogita-

79 1544 172 1586 ret?
231 1544 344 1598 quod
388 1558 488 1584 sane
521 1544 604 1598 ipsi
635 1558 709 1598 per
742 1558 785 1585 se
817 1544 1076 1597 probabunt.
1126 1543 1214 1585 fors
1247 1542 1353 1595 fuat,
1385 1544 1432 1583 ut

81 1603 117 1644 si
149 1602 254 1644 mihi
285 1602 377 1643 uita
410 1605 622 1656 suppetet,
662 1602 822 1656 aliquid
855 1617 997 1643 rerum
1029 1604 1200 1643 tuarum
1233 1601 1430 1656 quamuis
1459 1611 1499 1642 15

80 1662 267 1703 incultus
312 1661 540 1715 expoliam:
588 1661 698 1715 quod
737 1663 785 1701 tu
825 1661 905 1702 etsi
943 1661 1102 1702 lectum
1141 1675 1227 1701 non
1263 1660 1431 1714 probes,

81 1721 287 1774 scriptum
331 1720 433 1761 boni
477 1720 686 1761 eonsules.
761 1734 940 1774 eumque
986 1733 1064 1774 ego
1109 1718 1305 1760 imitatus
1350 1718 1431 1760 sim

176 1886 219 1916 33
235 1881 397 1926 negligis
412 1882 446 1915 Z
465 1883 470 1925 Ι
493 1881 643 1926 fastigio
660 1881 864 1917 Fer-rarius
932 1885 975 1916 36
1004 1874 1111 1923 Quin}
1133 1880 1166 1914 T
1247 1884 1291 1916 39
1305 1891 1353 1925 sq.
1374 1891 1432 1914 me

81 1928 302 2010 {C-riffilgniiffl
341 1928 389 1962 ad
429 1939 486 1962 me
524 1929 678 1972 peruola
715 1940 797 1963 eum
838 1928 1029 1973 rescripto
1071 1928 1103 1961 T
1197 1931 1241 1963 38
1279 1927 1429 1972 scrinio]

28 2060 65 2092 Ζ
178 2045 245 2079 XII
269 2044 454 2079 Ausonius
471 2065 510 2070 —-
528 2045 612 2090 sal]
633 2048 716 2090 pret
736 2047 828 2090 pret.
849 2045 898 2079 M
916 2046 920 2091 Ι
944 2045 1009 2080 sal'
1026 2045 1060 2079 T
1076 2045 1234 2080 salutem
1249 2044 1282 2079 G
1301 2054 1367 2080 om.
1384 2045 1428 2078 M

129 2096 149 2127 2
176 2094 397 2136 consumpta
425 2092 511 2126 TM
532 2095 536 2133 ί
559 2093 709 2136 optume
739 2093 772 2128 G
865 2097 885 2127 3
914 2092 1119 2137 appologos
1147 2091 1180 2126 T
1199 2093 1204 2136 ι
1226 2091 1355 2126 tieiam
1383 2091 1431 2125 M

126 2143 148 2174 4
187 2139 333 2174 cronica
360 2138 392 2173 T
487 2143 506 2173 6
539 2139 640 2185 misi]
668 2139 739 2173 nisi
767 2139 799 2173 T
809 2139 841 2175 G
939 2143 959 2174 8
985 2139 1253 2184 appologorum
1281 2138 1314 2172 T
1407 2141 1428 2172 9

80 2187 215 2232 epodes
253 2187 299 2220 M
332 2190 335 2225 ι
369 2186 711 2231 impudentissimos
748 2186 782 2220 Z
826 2197 915 2222 corr.
955 2185 1106 2222 Schenkl
1229 2189 1283 2220 11.
1327 2184 1428 2220 beni-

79 2233 284 2269 uolentiam
305 2233 338 2269 G
363 2233 617 2268 bfiuolentiam
639 2232 671 2268 T
762 2238 804 2268 14
830 2234 951 2268 fuerat
972 2233 1004 2267 T
1093 2237 1136 2267 15
1163 2232 1377 2278 suppeteret
1399 2230 1432 2266 T

130 2285 173 2316 16
199 2281 382 2316 incultum
409 2280 442 2316 G
542 2284 582 2315 17
610 2280 796 2326 consules]
825 2281 859 2315 Z
880 2282 883 2324 ἱ
907 2279 994 2326 sim]
1022 2280 1064 2316 sfi
1094 2280 1126 2314 T
