1563 2511
608 62 657 67 —
728 38 929 79 140—-

90 145 258 186 Addam
289 144 514 199 praesidiis
547 144 774 186 dubiarum
805 143 977 186 condita
1008 157 1167 194 rerum,

92 203 175 245 Sed
207 203 335 245 modo
368 203 527 245 securis
558 217 646 246 non
678 209 837 257 castra,
870 203 943 244 sed
974 203 1129 244 horrea
1159 202 1326 258 Belgis3

89 262 260 304 Addam
291 262 439 304 felices
470 263 565 317 ripa
598 277 647 304 ex
677 264 859 317 utraque
892 262 1066 304 colonos

89 321 230 375 Teque
262 321 375 363 inter
406 321 568 363 medios
600 321 908 376 hominumque
940 321 1154 375 boumque
1186 321 1357 362 labores

90 379 386 435 Stringentem
418 380 536 435 ripas
569 383 612 422 et
643 380 822 435 pinguia
854 380 971 421 culta
1002 382 1231 422 secantem.
1370 389 1439 421 460

88 439 188 481 Non
220 439 301 481 tibi
333 454 377 481 se
408 439 540 494 Liger
572 439 798 492 anteferet,
830 453 919 480 non
950 439 1105 480 Axona
1135 452 1356 493 praeceps,

88 497 289 540 Matrona
320 513 426 552 non,
459 498 594 540 Gallis
628 498 858 553 Belgisque
890 497 1089 539 intersita
1120 498 1237 552 finis,

90 555 320 600 Santonico
353 558 510 599 refluus
542 572 630 598 non
660 557 753 611 ipse
785 556 1056 599 Carantonus
1089 559 1221 599 aestu.

90 614 307 658 Concedes
341 617 483 672 gelido
516 616 682 657 Durani
713 616 764 657 de
797 618 941 657 monte
974 616 1148 657 uolutus

89 676 244 716 Amnis
277 678 321 717 et
353 675 584 716 auriferum
616 678 850 729 postponet
882 673 1025 716 Gallia
1056 673 1225 715 Tarnen
1373 685 1440 716 465

89 733 381 788 Insanumque
413 748 542 775 ruens
575 748 651 788 per
684 748 787 774 saxa
818 734 1010 775 rotantia
1041 734 1126 775 late

88 792 139 834 In
171 808 287 834 mare
319 807 597 847 purpureum,
637 792 833 833 dominae
865 797 1012 833 tamen
1045 796 1144 833 ante
1176 791 1381 834 Mosellae

89 851 275 893 Numine
309 851 508 905 adorato,
539 851 806 892 Tarbellicus
839 851 921 892 ibit
953 851 1150 893 Aturrus.

149 909 359 964 Corniger
391 913 587 951 externas
620 910 872 952 celebrande
904 909 1089 951 Mosella
1121 924 1197 964 per
1228 925 1344 963 oras,

88 967 181 1010 Nec
215 970 318 1011 solis
353 968 602 1011 celebrande
636 969 762 1022 locis,
794 968 866 1010 ubi
897 968 1018 1010 fonte
1051 983 1250 1023 supremo
1372 979 1440 1011 470

89 1028 244 1070 Exeris
279 1031 476 1069 auratum
508 1028 707 1069 taurinae
739 1027 896 1070 frontis
932 1027 1158 1082 honorem,

90 1087 236 1135 Quaue
268 1087 405 1129 trahis
438 1087 629 1142 placidos
663 1086 837 1128 sinuosa
868 1101 944 1140 per
976 1102 1081 1128 arua
1113 1090 1299 1141 meatus,

91 1145 172 1187 Vel
205 1161 289 1200 qua
322 1145 548 1188 Germanis
583 1146 660 1187 sub
694 1146 891 1199 portibus
925 1146 1037 1187 ostia
1070 1146 1221 1187 soluis:

92 1203 136 1246 Si
169 1206 263 1260 quis
295 1205 434 1247 honos
467 1204 585 1246 tenui
618 1205 735 1246 uolet
767 1204 986 1258 adspirare
1019 1219 1230 1258 camenae,

90 1263 271 1305 Perdere
305 1264 340 1305 si
373 1265 467 1318 quis
500 1264 545 1305 in
577 1263 644 1304 his
678 1263 927 1318 dignabitur
958 1264 1047 1305 otia
1077 1264 1231 1316 musis,
1372 1275 1440 1305 475

89 1321 180 1364 Ibis
212 1323 258 1364 in
291 1338 366 1364 ora
397 1323 621 1364 hominum
653 1323 851 1376 laetoque
883 1322 1085 1364 foueberc
1118 1325 1256 1364 cantu.

90 1381 149 1422 Te
181 1382 326 1423 fontes
359 1382 532 1435 uiuique
563 1382 701 1434 lacus,
732 1384 775 1422 te
809 1381 979 1422 caerula
1010 1387 1190 1423 noscent

87 1439 304 1494 Flumina,
337 1443 377 1482 te
409 1444 574 1482 ueteres
608 1453 818 1494 pagorum
852 1440 994 1493 gloria
1024 1441 1126 1482 luci:

90 1498 149 1540 Te
181 1499 349 1553 Druna,
380 1503 423 1541 te
457 1499 616 1554 sparsis
649 1499 813 1540 incerta
844 1498 1055 1540 Druentia
1085 1499 1191 1553 ripis

89 1558 323 1613 Alpinique
356 1559 499 1600 colent
530 1558 652 1600 fluuii
686 1558 979 1612 duplicemque
1010 1573 1086 1613 per
1117 1559 1268 1599 urbem
1371 1569 1440 1601 480

184 1678 252 1709 457
279 1674 369 1719 non]
397 1684 491 1707 nunc
517 1673 551 1707 L
574 1674 578 1718 Ι
600 1673 715 1708 horea
739 1674 775 1708 L
884 1678 951 1709 461
980 1674 1064 1708 Non
1089 1674 1174 1708 mai.
1202 1674 1270 1709 litt.
1297 1674 1379 1710 init.
1409 1674 1442 1710 G

92 1722 95 1761 i
124 1721 218 1766 liget
249 1721 283 1755 L
325 1723 329 1765 Ι
369 1732 514 1756 anxona
539 1720 575 1755 R
607 1732 754 1755 auxona
779 1721 816 1755 B
912 1725 980 1756 462
1015 1721 1143 1756 Gallos
1176 1721 1385 1767 Belgasque
1416 1722 1441 1758 i.

87 1768 170 1803 finis
209 1769 349 1803 leoeicon
381 1769 561 1812 poeticum
598 1780 622 1803 a
653 1768 861 1803 Palmanno
893 1769 1085 1803 laudatum
1118 1780 1144 1804 s.
1177 1780 1212 1803 u.
1247 1769 1438 1804 Matrona.

87 1817 179 1850 fines
211 1829 238 1849 ω
337 1820 405 1850 463
445 1815 657 1850 santonicus
694 1814 728 1849 G
763 1816 960 1850 xantonico
986 1815 1021 1849 L
1056 1818 1059 1858 l
1095 1816 1229 1850 refluus
1265 1816 1440 1860 Luydun.

87 1861 250 1908 profluus
277 1876 304 1896 ω
395 1866 465 1897 464
491 1863 622 1897 duraui
647 1863 682 1896 L
767 1867 836 1898 465
862 1864 1067 1907 postponat
1087 1862 1122 1896 L
1146 1863 1150 1907 Ι
1172 1862 1332 1908 Tarnen]
1361 1864 1442 1897 tan-

88 1909 174 1944 dem
199 1909 234 1943 L
307 1914 377 1944 468
403 1910 552 1945 nomine
580 1924 606 1944 ω
634 1921 723 1945 corr.
745 1910 920 1956 Luycluoz.
943 1912 948 1954 Ι
971 1910 1164 1944 tarbellius
1191 1924 1218 1944 ω
1246 1910 1441 1954 (tarbellus

88 1956 138 2000 L)
165 1967 256 1992 corr.
283 1957 482 1992 Accursz'us
504 1959 508 2001 1
531 1956 583 1991 ibi
609 1957 644 1990 L
667 1960 671 2001 Ι
694 1959 847 1992 aturnus
873 1957 910 1992 R
936 1959 1098 1991 aturrus:
1125 1967 1144 1991 c
1170 1968 1213 1991 ea:
1238 1958 1255 1990 t
1279 1957 1328 1990 Ls

88 2008 156 2039 469
186 2002 365 2048 Corniger
389 2006 474 2039 mai.
500 2005 581 2040 init.
608 2005 677 2041 litt.
706 2004 739 2039 G
767 2006 772 2048 Ι
801 2004 1026 2039 celebranda
1053 2003 1128 2039 GL
1150 2005 1154 2048 Ι
1185 2003 1341 2039 moselle
1366 2004 1403 2040 R
1433 2005 1437 2050 l

87 2050 198 2086 horas
217 2051 254 2086 R
276 2053 280 2095 1
303 2051 460 2086 mosella
485 2062 550 2096 per
571 2062 653 2086 oras
674 2053 715 2086 in
733 2063 804 2087 ras.
825 2052 877 2086 Ba
949 2055 1018 2086 470
1039 2051 1257 2098 celebrande
1278 2053 1312 2094 (e
1332 2053 1440 2093 corr.)

91 2098 140 2133 G⁸
165 2097 387 2134 celebranda
411 2098 445 2132 L
469 2100 473 2141 Ι
497 2109 656 2144 superno
685 2098 720 2134 G
803 2102 870 2133 471
898 2097 1107 2134 taurinthes
1133 2098 1170 2134 R
1255 2102 1323 2133 472
1350 2109 1440 2142 qua—

90 2156 159 2189 que
186 2159 214 2180 ω
239 2156 330 2181 corr.
358 2146 542 2191 Boeckins]
571 2148 575 2190 1
603 2145 752 2191 placido
778 2145 813 2179 L
911 2150 980 2181 473
1006 2145 1132 2181 hostia
1155 2145 1209 2181 13¹
1232 2148 1236 2188 Ι
1265 2145 1397 2180 soluis:
1424 2158 1440 2180 s

82 2204 142 2237 pr.
158 2193 278 2229 cursiv
291 2194 333 2228 in
346 2195 434 2237 ras.)
445 2193 495 2228 L*³
544 2197 613 2228 474
627 2192 730 2228 ualet
741 2193 777 2228 R
793 2194 796 2240 l
814 2192 977 2238 aspirare
993 2207 1019 2228 ω
1070 2197 1138 2228 475
1154 2192 1185 2227 si
1201 2193 1298 2239 quies
1310 2192 1438 2237 digna-

88 2263 188 2298 bitur
208 2263 262 2309 <in
280 2264 338 2298 his
358 2275 437 2307 om.,
457 2275 568 2310 margy.
591 2266 659 2300 sin.
676 2264 785 2309 4,)13
852 2268 921 2299 479
942 2264 1061 2299 drima
1074 2263 1110 2298 B
1177 2267 1246 2299 480
1267 2241 1369 2307 apini
1388 2263 1440 2298 R¹³
