<?xml version="1.0" encoding="UTF-8"?>
<!DOCTYPE html PUBLIC "-//W3C//DTD XHTML 1.0 Transitional//EN"
    "http://www.w3.org/TR/xhtml1/DTD/xhtml1-transitional.dtd">
<html xmlns="http://www.w3.org/1999/xhtml" xml:lang="en" lang="en">
 <head>
  <title>
</title>
<meta http-equiv="Content-Type" content="text/html;charset=utf-8" />
  <meta name='ocr-system' content='tesseract 3.04.00' />
  <meta name='ocr-capabilities' content='ocr_page ocr_carea ocr_par ocr_line ocrx_word'/>
</head>
<body>
  <div class='ocr_page' id='page_1' title='image "./opuscula00ausouoft_0112.png"; bbox 0 0 1563 2511; ppageno 0'>
   <div class='ocr_carea' id='block_1_1' title="bbox 556 75 904 106">
    <p class='ocr_par' dir='ltr' id='par_1_1' title="bbox 556 75 904 106">
     <span class='ocr_line' id='line_1_1' title="bbox 556 75 904 106; baseline -0.006 0"><span class='ocrx_word' id='word_1_1' title='bbox 556 87 611 92; x_wconf 93' lang='grc'>-</span> <span class='ocrx_word' id='word_1_2' title='bbox 674 75 787 106; x_wconf 88' lang='lat' dir='ltr'>CVIII</span> <span class='ocrx_word' id='word_1_3' title='bbox 849 87 904 92; x_wconf 82' lang='lat'>—</span> 
     </span>
    </p>
   </div>
   <div class='ocr_carea' id='block_1_2' title="bbox 61 167 1410 331">
    <p class='ocr_par' dir='ltr' id='par_1_2' title="bbox 61 167 1410 331">
     <span class='ocr_line' id='line_1_2' title="bbox 61 167 1410 224; baseline -0.003 -10"><span class='ocrx_word' id='word_1_4' title='bbox 61 171 146 214; x_wconf 82' lang='lat'>383</span> <span class='ocrx_word' id='word_1_5' title='bbox 178 170 426 212; x_wconf 83' lang='lat' dir='ltr'><strong>Maximus</strong></span> <span class='ocrx_word' id='word_1_6' title='bbox 476 171 724 224; x_wconf 84' lang='lat' dir='ltr'>tyrannus</span> <span class='ocrx_word' id='word_1_7' title='bbox 773 169 887 210; x_wconf 86' lang='lat' dir='ltr'>intra</span> <span class='ocrx_word' id='word_1_8' title='bbox 931 167 1178 210; x_wconf 75' lang='lat' dir='ltr'>Britannias</span> <span class='ocrx_word' id='word_1_9' title='bbox 1224 169 1410 223; x_wconf 86' lang='lat' dir='ltr'>sumpsit</span> 
     </span>
     <span class='ocr_line' id='line_1_3' title="bbox 178 227 1409 284; baseline -0.002 -13"><span class='ocrx_word' id='word_1_10' title='bbox 178 228 418 284; x_wconf 86' lang='lat' dir='ltr'>imperium,</span> <span class='ocrx_word' id='word_1_11' title='bbox 449 228 660 270; x_wconf 88' lang='lat' dir='ltr'>Treueros</span> <span class='ocrx_word' id='word_1_12' title='bbox 686 228 926 282; x_wconf 76' lang='lat' dir='ltr'>ingreditur</span> <span class='ocrx_word' id='word_1_13' title='bbox 953 227 1092 270; x_wconf 88' lang='lat' dir='ltr'>uictor</span> <span class='ocrx_word' id='word_1_14' title='bbox 1117 227 1263 282; x_wconf 87' lang='lat' dir='ltr'>ibique</span> <span class='ocrx_word' id='word_1_15' title='bbox 1292 227 1409 283; x_wconf 85' lang='lat' dir='ltr'>degit</span> 
     </span>
     <span class='ocr_line' id='line_1_4' title="bbox 178 285 884 331; baseline -0.001 -10"><span class='ocrx_word' id='word_1_16' title='bbox 178 285 333 331; x_wconf 86' lang='lat' dir='ltr'>(Sulpic.</span> <span class='ocrx_word' id='word_1_17' title='bbox 362 286 484 320; x_wconf 81' lang='lat' dir='ltr'>Seuer.</span> <span class='ocrx_word' id='word_1_18' title='bbox 511 285 635 322; x_wconf 87' lang='lat' dir='ltr'>chron.</span> <span class='ocrx_word' id='word_1_19' title='bbox 656 285 690 318; x_wconf 88' lang='lat' dir='ltr'>II</span> <span class='ocrx_word' id='word_1_20' title='bbox 710 289 765 329; x_wconf 82' lang='lat'>49,</span> <span class='ocrx_word' id='word_1_21' title='bbox 787 289 818 320; x_wconf 90' lang='grc'>5.</span> <span class='ocrx_word' id='word_1_22' title='bbox 840 286 884 329; x_wconf 90' lang='grc'>6).</span> 
     </span>
    </p>
   </div>
   <div class='ocr_carea' id='block_1_3' title="bbox 61 344 1411 400">
    <p class='ocr_par' dir='ltr' id='par_1_3' title="bbox 61 344 1411 400">
     <span class='ocr_line' id='line_1_5' title="bbox 61 344 1411 400; baseline -0.004 -10"><span class='ocrx_word' id='word_1_23' title='bbox 61 347 146 390; x_wconf 84' lang='grc'>383</span> <span class='ocrx_word' id='word_1_24' title='bbox 175 348 199 390; x_wconf 95' lang='grc'>8</span> <span class='ocrx_word' id='word_1_25' title='bbox 226 346 296 388; x_wconf 87' lang='lat' dir='ltr'>Kl.</span> <span class='ocrx_word' id='word_1_26' title='bbox 322 345 437 400; x_wconf 81' lang='lat' dir='ltr'>Sept.</span> <span class='ocrx_word' id='word_1_27' title='bbox 475 344 756 387; x_wconf 71' lang='lat' dir='ltr'>Gratianus</span> <span class='ocrx_word' id='word_1_28' title='bbox 789 345 1011 400; x_wconf 85' lang='lat' dir='ltr'>Augustus</span> <span class='ocrx_word' id='word_1_29' title='bbox 1043 344 1242 399; x_wconf 83' lang='lat' dir='ltr'>Lugduni</span> <span class='ocrx_word' id='word_1_30' title='bbox 1279 344 1411 386; x_wconf 87' lang='lat' dir='ltr'>inter-</span> 
     </span>
    </p>
   </div>
   <div class='ocr_carea' id='block_1_4' title="bbox 181 404 1412 599">
    <p class='ocr_par' dir='ltr' id='par_1_4' title="bbox 181 404 1412 599">
     <span class='ocr_line' id='line_1_6' title="bbox 181 404 1410 459; baseline -0.002 -12"><span class='ocrx_word' id='word_1_31' title='bbox 181 406 335 459; x_wconf 88' lang='lat' dir='ltr'>fectus,</span> <span class='ocrx_word' id='word_1_32' title='bbox 367 405 699 446; x_wconf 70' lang='lat' dir='ltr'>Valentinianus</span> <span class='ocrx_word' id='word_1_33' title='bbox 732 404 860 445; x_wconf 89' lang='lat' dir='ltr'>Italia</span> <span class='ocrx_word' id='word_1_34' title='bbox 893 404 1093 457; x_wconf 84' lang='lat' dir='ltr'>expulsus</span> <span class='ocrx_word' id='word_1_35' title='bbox 1127 409 1243 451; x_wconf 86' lang='lat' dir='ltr'>(Oros.</span> <span class='ocrx_word' id='word_1_36' title='bbox 1264 410 1334 444; x_wconf 88' lang='lat' dir='ltr'>VII</span> <span class='ocrx_word' id='word_1_37' title='bbox 1354 414 1410 454; x_wconf 75' lang='lat'>34,</span> 
     </span>
     <span class='ocr_line' id='line_1_7' title="bbox 183 459 1412 508; baseline -0.002 -11"><span class='ocrx_word' id='word_1_38' title='bbox 183 466 236 498; x_wconf 88' lang='lat'>10.</span> <span class='ocrx_word' id='word_1_39' title='bbox 258 462 418 508; x_wconf 80' lang='lat' dir='ltr'>Epitom.</span> <span class='ocrx_word' id='word_1_40' title='bbox 440 466 496 505; x_wconf 83' lang='lat'>47,</span> <span class='ocrx_word' id='word_1_41' title='bbox 519 466 549 496; x_wconf 85' lang='lat'>7.</span> <span class='ocrx_word' id='word_1_42' title='bbox 571 461 787 496; x_wconf 88' lang='lat' dir='ltr'>Ambrosius</span> <span class='ocrx_word' id='word_1_43' title='bbox 808 461 847 495; x_wconf 93' lang='lat' dir='ltr'>in</span> <span class='ocrx_word' id='word_1_44' title='bbox 867 460 1001 495; x_wconf 87' lang='lat' dir='ltr'>Psalm.</span> <span class='ocrx_word' id='word_1_45' title='bbox 1022 459 1120 494; x_wconf 77' lang='lat' dir='ltr'>LXI⁰</span> <span class='ocrx_word' id='word_1_46' title='bbox 1141 464 1290 503; x_wconf 72' lang='lat'>17—-26,</span> <span class='ocrx_word' id='word_1_47' title='bbox 1318 460 1412 495; x_wconf 84' lang='lat' dir='ltr'>eius-</span> 
     </span>
     <span class='ocr_line' id='line_1_8' title="bbox 182 505 1410 554; baseline -0.002 -10"><span class='ocrx_word' id='word_1_48' title='bbox 182 510 264 544; x_wconf 83' lang='lat' dir='ltr'>dem</span> <span class='ocrx_word' id='word_1_49' title='bbox 292 509 400 554; x_wconf 86' lang='lat' dir='ltr'>epist.</span> <span class='ocrx_word' id='word_1_50' title='bbox 428 509 476 543; x_wconf 86' lang='lat' dir='ltr'>ad</span> <span class='ocrx_word' id='word_1_51' title='bbox 501 508 804 543; x_wconf 77' lang='lat' dir='ltr'>Valentinianum</span> <span class='ocrx_word' id='word_1_52' title='bbox 831 508 903 552; x_wconf 83' lang='lat' dir='ltr'>(ed.</span> <span class='ocrx_word' id='word_1_53' title='bbox 924 508 1055 543; x_wconf 89' lang='lat' dir='ltr'>Venet.</span> <span class='ocrx_word' id='word_1_54' title='bbox 1077 507 1129 542; x_wconf 91' lang='lat' dir='ltr'>III</span> <span class='ocrx_word' id='word_1_55' title='bbox 1152 508 1234 552; x_wconf 82' lang='lat'>945)</span> <span class='ocrx_word' id='word_1_56' title='bbox 1261 509 1298 542; x_wconf 89' lang='lat' dir='ltr'>et</span> <span class='ocrx_word' id='word_1_57' title='bbox 1317 505 1410 542; x_wconf 88' lang='lat' dir='ltr'>Con-</span> 
     </span>
     <span class='ocr_line' id='line_1_9' title="bbox 182 555 1077 599; baseline -0.003 -8"><span class='ocrx_word' id='word_1_58' title='bbox 182 557 317 592; x_wconf 80' lang='lat' dir='ltr'>solatio</span> <span class='ocrx_word' id='word_1_59' title='bbox 342 557 387 591; x_wconf 90' lang='lat' dir='ltr'>de</span> <span class='ocrx_word' id='word_1_60' title='bbox 414 556 519 591; x_wconf 87' lang='lat' dir='ltr'>obitu</span> <span class='ocrx_word' id='word_1_61' title='bbox 544 555 798 590; x_wconf 69' lang='lat' dir='ltr'>Valentiniani</span> <span class='ocrx_word' id='word_1_62' title='bbox 825 566 853 589; x_wconf 92' lang='lat' dir='ltr'>c.</span> <span class='ocrx_word' id='word_1_63' title='bbox 876 559 919 589; x_wconf 82' lang='lat'>79</span> <span class='ocrx_word' id='word_1_64' title='bbox 946 557 984 589; x_wconf 92' lang='lat' dir='ltr'>et</span> <span class='ocrx_word' id='word_1_65' title='bbox 1009 557 1077 599; x_wconf 85' lang='lat'>80).</span> 
     </span>
    </p>
   </div>
   <div class='ocr_carea' id='block_1_5' title="bbox 65 603 1418 1296">
    <p class='ocr_par' dir='ltr' id='par_1_5' title="bbox 180 603 1414 978">
     <span class='ocr_line' id='line_1_10' title="bbox 181 603 1411 659; baseline -0.002 -13"><span class='ocrx_word' id='word_1_66' title='bbox 181 606 442 647; x_wconf 90' lang='lat' dir='ltr'>Ausonius</span> <span class='ocrx_word' id='word_1_67' title='bbox 487 604 723 659; x_wconf 71' lang='lat' dir='ltr'>tyrannicis</span> <span class='ocrx_word' id='word_1_68' title='bbox 767 604 1033 658; x_wconf 79' lang='lat' dir='ltr'>temporibus</span> <span class='ocrx_word' id='word_1_69' title='bbox 1078 603 1274 644; x_wconf 89' lang='lat' dir='ltr'>Treueris</span> <span class='ocrx_word' id='word_1_70' title='bbox 1320 606 1411 644; x_wconf 89' lang='lat' dir='ltr'>erat</span> 
     </span>
     <span class='ocr_line' id='line_1_11' title="bbox 183 662 1412 717; baseline -0.003 -11"><span class='ocrx_word' id='word_1_71' title='bbox 183 679 278 706; x_wconf 87' lang='lat' dir='ltr'>cum</span> <span class='ocrx_word' id='word_1_72' title='bbox 321 664 410 705; x_wconf 90' lang='lat' dir='ltr'>filio</span> <span class='ocrx_word' id='word_1_73' title='bbox 450 663 677 717; x_wconf 87' lang='lat' dir='ltr'>Hesperio,</span> <span class='ocrx_word' id='word_1_74' title='bbox 723 664 794 716; x_wconf 89' lang='lat' dir='ltr'>qui</span> <span class='ocrx_word' id='word_1_75' title='bbox 839 663 1009 717; x_wconf 83' lang='lat' dir='ltr'>longius</span> <span class='ocrx_word' id='word_1_76' title='bbox 1048 663 1129 703; x_wconf 87' lang='lat' dir='ltr'>iter</span> <span class='ocrx_word' id='word_1_77' title='bbox 1167 662 1412 716; x_wconf 82' lang='lat' dir='ltr'>ingrediens</span> 
     </span>
     <span class='ocr_line' id='line_1_12' title="bbox 181 721 1413 778; baseline -0.003 -13"><span class='ocrx_word' id='word_1_78' title='bbox 181 723 460 778; x_wconf 83' lang='lat' dir='ltr'>Burdigalam</span> <span class='ocrx_word' id='word_1_79' title='bbox 500 726 666 776; x_wconf 86' lang='lat' dir='ltr'>patrem</span> <span class='ocrx_word' id='word_1_80' title='bbox 705 723 861 772; x_wconf 88' lang='lat' dir='ltr'>solum,</span> <span class='ocrx_word' id='word_1_81' title='bbox 907 721 1104 776; x_wconf 86' lang='lat' dir='ltr'>quamuis</span> <span class='ocrx_word' id='word_1_82' title='bbox 1144 724 1267 762; x_wconf 89' lang='lat' dir='ltr'>coetu</span> <span class='ocrx_word' id='word_1_83' title='bbox 1307 721 1413 762; x_wconf 85' lang='lat' dir='ltr'>cele-</span> 
     </span>
     <span class='ocr_line' id='line_1_13' title="bbox 180 779 1410 834; baseline -0.002 -11"><span class='ocrx_word' id='word_1_84' title='bbox 180 783 351 824; x_wconf 88' lang='lat' dir='ltr'>bratum</span> <span class='ocrx_word' id='word_1_85' title='bbox 379 781 529 833; x_wconf 84' lang='lat' dir='ltr'>amico,</span> <span class='ocrx_word' id='word_1_86' title='bbox 560 783 855 834; x_wconf 88' lang='lat' dir='ltr'>maestumque</span> <span class='ocrx_word' id='word_1_87' title='bbox 881 779 1087 834; x_wconf 85' lang='lat' dir='ltr'>relinquit</span> <span class='ocrx_word' id='word_1_88' title='bbox 1114 785 1194 831; x_wconf 86' lang='lat' dir='ltr'>(Ep.</span> <span class='ocrx_word' id='word_1_89' title='bbox 1215 785 1283 820; x_wconf 86' lang='lat' dir='ltr'>XX</span> <span class='ocrx_word' id='word_1_90' title='bbox 1303 785 1410 820; x_wconf 83' lang='lat' dir='ltr'>inser.</span> 
     </span>
     <span class='ocr_line' id='line_1_14' title="bbox 183 836 1414 881; baseline -0.003 -7"><span class='ocrx_word' id='word_1_91' title='bbox 183 842 220 874; x_wconf 86' lang='lat' dir='ltr'>ct</span> <span class='ocrx_word' id='word_1_92' title='bbox 247 851 279 874; x_wconf 89' lang='lat' dir='ltr'>u.</span> <span class='ocrx_word' id='word_1_93' title='bbox 303 843 333 873; x_wconf 81' lang='lat'>7.</span> <span class='ocrx_word' id='word_1_94' title='bbox 371 850 405 873; x_wconf 82' lang='lat' dir='ltr'>U.</span> <span class='ocrx_word' id='word_1_95' title='bbox 429 841 488 872; x_wconf 83' lang='lat'>19:</span> <span class='ocrx_word' id='word_1_96' title='bbox 515 840 690 881; x_wconf 87' lang='lat' dir='ltr'>totusque</span> <span class='ocrx_word' id='word_1_97' title='bbox 716 837 809 872; x_wconf 87' lang='lat' dir='ltr'>mihi</span> <span class='ocrx_word' id='word_1_98' title='bbox 835 837 887 871; x_wconf 86' lang='lat' dir='ltr'>sic</span> <span class='ocrx_word' id='word_1_99' title='bbox 914 848 1031 871; x_wconf 87' lang='lat' dir='ltr'>annus</span> <span class='ocrx_word' id='word_1_100' title='bbox 1056 836 1186 880; x_wconf 84' lang='lat' dir='ltr'>abibit,</span> <span class='ocrx_word' id='word_1_101' title='bbox 1212 836 1414 871; x_wconf 78' lang='lat' dir='ltr'>restituant</span> 
     </span>
     <span class='ocr_line' id='line_1_15' title="bbox 183 884 1414 929; baseline -0.001 -10"><span class='ocrx_word' id='word_1_102' title='bbox 183 886 300 921; x_wconf 86' lang='lat' dir='ltr'>donec</span> <span class='ocrx_word' id='word_1_103' title='bbox 332 888 398 920; x_wconf 86' lang='lat' dir='ltr'>tua</span> <span class='ocrx_word' id='word_1_104' title='bbox 429 896 487 919; x_wconf 87' lang='lat' dir='ltr'>me</span> <span class='ocrx_word' id='word_1_105' title='bbox 518 884 589 919; x_wconf 89' lang='lat' dir='ltr'>tibi</span> <span class='ocrx_word' id='word_1_106' title='bbox 620 885 698 919; x_wconf 87' lang='lat' dir='ltr'>fata</span> <span class='ocrx_word' id='word_1_107' title='bbox 730 886 922 929; x_wconf 84' lang='lat' dir='ltr'>parentem</span> <span class='ocrx_word' id='word_1_108' title='bbox 950 901 994 913; x_wconf 89' lang='lat'>=</span> <span class='ocrx_word' id='word_1_109' title='bbox 1021 884 1139 919; x_wconf 88' lang='lat' dir='ltr'>donec</span> <span class='ocrx_word' id='word_1_110' title='bbox 1172 895 1240 928; x_wconf 87' lang='lat' dir='ltr'>ego</span> <span class='ocrx_word' id='word_1_111' title='bbox 1267 894 1414 928; x_wconf 90' lang='lat' dir='ltr'>quoque</span> 
     </span>
     <span class='ocr_line' id='line_1_16' title="bbox 185 931 649 978; baseline -0.002 -11"><span class='ocrx_word' id='word_1_112' title='bbox 185 932 426 978; x_wconf 82' lang='lat' dir='ltr'>Burdigalam</span> <span class='ocrx_word' id='word_1_113' title='bbox 453 931 649 976; x_wconf 82' lang='lat' dir='ltr'>ueniam?).</span> 
     </span>
    </p>

    <p class='ocr_par' dir='ltr' id='par_1_6' title="bbox 65 981 1418 1296">
     <span class='ocr_line' id='line_1_17' title="bbox 65 981 1415 1037; baseline -0.004 -12"><span class='ocrx_word' id='word_1_114' title='bbox 65 987 148 1025; x_wconf 85' lang='lat'>383</span> <span class='ocrx_word' id='word_1_115' title='bbox 182 981 448 1037; x_wconf 79' lang='lat' dir='ltr'>(temporibus</span> <span class='ocrx_word' id='word_1_116' title='bbox 492 984 730 1034; x_wconf 80' lang='lat' dir='ltr'>tyrannicis,</span> <span class='ocrx_word' id='word_1_117' title='bbox 780 983 860 1021; x_wconf 89' lang='lat' dir='ltr'>iam</span> <span class='ocrx_word' id='word_1_118' title='bbox 904 983 1060 1022; x_wconf 89' lang='lat' dir='ltr'>deuicto</span> <span class='ocrx_word' id='word_1_119' title='bbox 1106 983 1174 1021; x_wconf 87' lang='lat' dir='ltr'>sed</span> <span class='ocrx_word' id='word_1_120' title='bbox 1218 983 1415 1020; x_wconf 87' lang='lat' dir='ltr'>incertum</span> 
     </span>
     <span class='ocr_line' id='line_1_18' title="bbox 183 1038 1416 1094; baseline -0.003 -12"><span class='ocrx_word' id='word_1_121' title='bbox 183 1047 320 1082; x_wconf 88' lang='lat' dir='ltr'>utrum</span> <span class='ocrx_word' id='word_1_122' title='bbox 357 1044 450 1081; x_wconf 91' lang='lat' dir='ltr'>uiuo</span> <span class='ocrx_word' id='word_1_123' title='bbox 491 1056 541 1081; x_wconf 88' lang='lat' dir='ltr'>an</span> <span class='ocrx_word' id='word_1_124' title='bbox 579 1042 706 1081; x_wconf 85' lang='lat' dir='ltr'>occiso</span> <span class='ocrx_word' id='word_1_125' title='bbox 740 1038 968 1094; x_wconf 85' lang='lat' dir='ltr'>Gratiano):</span> <span class='ocrx_word' id='word_1_126' title='bbox 1009 1042 1225 1091; x_wconf 86' lang='lat' dir='ltr'>epistula</span> <span class='ocrx_word' id='word_1_127' title='bbox 1255 1042 1327 1078; x_wconf 89' lang='lat' dir='ltr'>XX</span> <span class='ocrx_word' id='word_1_128' title='bbox 1359 1041 1416 1079; x_wconf 84' lang='lat' dir='ltr'>ad</span> 
     </span>
     <span class='ocr_line' id='line_1_19' title="bbox 183 1101 1416 1152; baseline -0.002 -12"><span class='ocrx_word' id='word_1_129' title='bbox 183 1104 364 1152; x_wconf 85' lang='lat' dir='ltr'>filium,</span> <span class='ocrx_word' id='word_1_130' title='bbox 398 1103 465 1152; x_wconf 86' lang='lat' dir='ltr'>qui</span> <span class='ocrx_word' id='word_1_131' title='bbox 497 1103 546 1140; x_wconf 87' lang='lat' dir='ltr'>ad</span> <span class='ocrx_word' id='word_1_132' title='bbox 578 1102 750 1151; x_wconf 88' lang='lat' dir='ltr'>patriam</span> <span class='ocrx_word' id='word_1_133' title='bbox 783 1103 869 1139; x_wconf 89' lang='lat' dir='ltr'>erat</span> <span class='ocrx_word' id='word_1_134' title='bbox 899 1101 1113 1151; x_wconf 80' lang='lat' dir='ltr'>profectus.</span> <span class='ocrx_word' id='word_1_135' title='bbox 1156 1103 1291 1145; x_wconf 67' lang='lat' dir='ltr'>&lt;minus</span> <span class='ocrx_word' id='word_1_136' title='bbox 1316 1104 1416 1138; x_wconf 85' lang='lat' dir='ltr'>recte</span> 
     </span>
     <span class='ocr_line' id='line_1_20' title="bbox 188 1153 1416 1202; baseline -0.002 -11"><span class='ocrx_word' id='word_1_137' title='bbox 188 1158 273 1202; x_wconf 87' lang='lat' dir='ltr'>post</span> <span class='ocrx_word' id='word_1_138' title='bbox 297 1157 367 1191; x_wconf 90' lang='lat' dir='ltr'>hoc</span> <span class='ocrx_word' id='word_1_139' title='bbox 387 1156 535 1200; x_wconf 86' lang='lat' dir='ltr'>tempus</span> <span class='ocrx_word' id='word_1_140' title='bbox 554 1155 695 1190; x_wconf 89' lang='lat' dir='ltr'>nullam</span> <span class='ocrx_word' id='word_1_141' title='bbox 717 1155 886 1199; x_wconf 84' lang='lat' dir='ltr'>Hesperii</span> <span class='ocrx_word' id='word_1_142' title='bbox 906 1153 1124 1189; x_wconf 85' lang='lat' dir='ltr'>memoriam</span> <span class='ocrx_word' id='word_1_143' title='bbox 1143 1154 1296 1198; x_wconf 82' lang='lat' dir='ltr'>reperiri</span> <span class='ocrx_word' id='word_1_144' title='bbox 1317 1154 1416 1188; x_wconf 81' lang='lat' dir='ltr'>dixe-</span> 
     </span>
     <span class='ocr_line' id='line_1_21' title="bbox 185 1201 1418 1247; baseline -0.002 -9"><span class='ocrx_word' id='word_1_145' title='bbox 185 1206 288 1245; x_wconf 73' lang='lat' dir='ltr'>runt3</span> <span class='ocrx_word' id='word_1_146' title='bbox 315 1215 401 1238; x_wconf 84' lang='lat' dir='ltr'>nam</span> <span class='ocrx_word' id='word_1_147' title='bbox 429 1215 484 1247; x_wconf 86' lang='lat' dir='ltr'>ep.</span> <span class='ocrx_word' id='word_1_148' title='bbox 506 1202 627 1236; x_wconf 86' lang='lat' dir='ltr'>XVIII</span> <span class='ocrx_word' id='word_1_149' title='bbox 653 1203 699 1236; x_wconf 89' lang='lat' dir='ltr'>ad</span> <span class='ocrx_word' id='word_1_150' title='bbox 720 1201 938 1247; x_wconf 87' lang='lat' dir='ltr'>Hesperium</span> <span class='ocrx_word' id='word_1_151' title='bbox 967 1213 1049 1236; x_wconf 85' lang='lat' dir='ltr'>cum</span> <span class='ocrx_word' id='word_1_152' title='bbox 1076 1201 1221 1236; x_wconf 86' lang='lat' dir='ltr'>deliciis</span> <span class='ocrx_word' id='word_1_153' title='bbox 1248 1201 1359 1235; x_wconf 80' lang='lat' dir='ltr'>missa</span> <span class='ocrx_word' id='word_1_154' title='bbox 1380 1202 1418 1235; x_wconf 84' lang='lat' dir='ltr'>et</span> 
     </span>
     <span class='ocr_line' id='line_1_22' title="bbox 185 1247 1416 1296; baseline -0.002 -11"><span class='ocrx_word' id='word_1_155' title='bbox 185 1262 239 1296; x_wconf 90' lang='lat' dir='ltr'>ep.</span> <span class='ocrx_word' id='word_1_156' title='bbox 262 1250 364 1285; x_wconf 83' lang='lat' dir='ltr'>XXV</span> <span class='ocrx_word' id='word_1_157' title='bbox 390 1251 435 1284; x_wconf 84' lang='lat' dir='ltr'>ad</span> <span class='ocrx_word' id='word_1_158' title='bbox 457 1249 662 1292; x_wconf 85' lang='lat' dir='ltr'>Paulinum,</span> <span class='ocrx_word' id='word_1_159' title='bbox 691 1250 793 1283; x_wconf 84' lang='lat' dir='ltr'>cuius</span> <span class='ocrx_word' id='word_1_160' title='bbox 819 1249 857 1283; x_wconf 90' lang='lat' dir='ltr'>in</span> <span class='ocrx_word' id='word_1_161' title='bbox 876 1249 990 1293; x_wconf 87' lang='lat' dir='ltr'>praef.</span> <span class='ocrx_word' id='word_1_162' title='bbox 1018 1252 1061 1283; x_wconf 78' lang='lat'>29</span> <span class='ocrx_word' id='word_1_163' title='bbox 1082 1248 1149 1282; x_wconf 89' lang='lat' dir='ltr'>filii</span> <span class='ocrx_word' id='word_1_164' title='bbox 1170 1259 1303 1283; x_wconf 90' lang='lat' dir='ltr'>nomen</span> <span class='ocrx_word' id='word_1_165' title='bbox 1324 1247 1416 1292; x_wconf 87' lang='lat' dir='ltr'>legi-</span> 
     </span>
    </p>
   </div>
   <div class='ocr_carea' id='block_1_6' title="bbox 183 1294 1416 1388">
    <p class='ocr_par' dir='ltr' id='par_1_7' title="bbox 183 1294 1416 1388">
     <span class='ocr_line' id='line_1_23' title="bbox 183 1294 1416 1342; baseline -0.003 -10"><span class='ocrx_word' id='word_1_166' title='bbox 183 1300 243 1332; x_wconf 88' lang='lat' dir='ltr'>tur</span> <span class='ocrx_word' id='word_1_167' title='bbox 275 1297 364 1342; x_wconf 85' lang='lat' dir='ltr'>(‚,ita</span> <span class='ocrx_word' id='word_1_168' title='bbox 396 1308 433 1332; x_wconf 87' lang='lat' dir='ltr'>se</span> <span class='ocrx_word' id='word_1_169' title='bbox 466 1300 503 1331; x_wconf 78' lang='lat' dir='ltr'>et</span> <span class='ocrx_word' id='word_1_170' title='bbox 528 1296 747 1341; x_wconf 88' lang='lat' dir='ltr'>Hesperium</span> <span class='ocrx_word' id='word_1_171' title='bbox 774 1297 916 1330; x_wconf 84' lang='lat' dir='ltr'>saluum</span> <span class='ocrx_word' id='word_1_172' title='bbox 942 1297 1137 1341; x_wconf 84' lang='lat' dir='ltr'>habeam“)</span> <span class='ocrx_word' id='word_1_173' title='bbox 1163 1306 1237 1330; x_wconf 91' lang='lat' dir='ltr'>non</span> <span class='ocrx_word' id='word_1_174' title='bbox 1263 1294 1416 1329; x_wconf 89' lang='lat' dir='ltr'>dubium</span> 
     </span>
     <span class='ocr_line' id='line_1_24' title="bbox 185 1342 1045 1388; baseline -0.003 -9"><span class='ocrx_word' id='word_1_175' title='bbox 185 1346 273 1388; x_wconf 84' lang='lat' dir='ltr'>quin</span> <span class='ocrx_word' id='word_1_176' title='bbox 301 1356 344 1379; x_wconf 82' lang='lat' dir='ltr'>ex</span> <span class='ocrx_word' id='word_1_177' title='bbox 371 1344 447 1379; x_wconf 84' lang='lat' dir='ltr'>otio</span> <span class='ocrx_word' id='word_1_178' title='bbox 473 1343 730 1388; x_wconf 79' lang='lat' dir='ltr'>Burdigalensi</span> <span class='ocrx_word' id='word_1_179' title='bbox 758 1342 918 1388; x_wconf 81' lang='lat' dir='ltr'>scriptae</span> <span class='ocrx_word' id='word_1_180' title='bbox 945 1343 1045 1388; x_wconf 86' lang='lat' dir='ltr'>sint.)</span> 
     </span>
    </p>
   </div>
   <div class='ocr_carea' id='block_1_7' title="bbox 68 1388 1416 1600">
    <p class='ocr_par' dir='ltr' id='par_1_8' title="bbox 68 1388 1416 1600">
     <span class='ocr_line' id='line_1_25' title="bbox 68 1388 1414 1448; baseline -0.003 -13"><span class='ocrx_word' id='word_1_181' title='bbox 68 1394 154 1436; x_wconf 83' lang='lat'>385</span> <span class='ocrx_word' id='word_1_182' title='bbox 186 1393 468 1448; x_wconf 87' lang='lat' dir='ltr'>Hesperius</span> <span class='ocrx_word' id='word_1_183' title='bbox 513 1408 551 1434; x_wconf 90' lang='lat' dir='ltr'>u.</span> <span class='ocrx_word' id='word_1_184' title='bbox 596 1408 620 1433; x_wconf 83' lang='lat'>1.</span> <span class='ocrx_word' id='word_1_185' title='bbox 666 1407 805 1433; x_wconf 85' lang='lat' dir='ltr'>comes</span> <span class='ocrx_word' id='word_1_186' title='bbox 853 1391 1113 1447; x_wconf 76' lang='lat' dir='ltr'>(Symmach.</span> <span class='ocrx_word' id='word_1_187' title='bbox 1159 1405 1221 1446; x_wconf 91' lang='lat' dir='ltr'>ep.</span> <span class='ocrx_word' id='word_1_188' title='bbox 1254 1390 1293 1431; x_wconf 83' lang='lat' dir='ltr'>X</span> <span class='ocrx_word' id='word_1_189' title='bbox 1326 1388 1414 1445; x_wconf 78' lang='lat'>23.)</span> 
     </span>
     <span class='ocr_line' id='line_1_26' title="bbox 186 1450 1415 1505; baseline -0.003 -12"><span class='ocrx_word' id='word_1_190' title='bbox 186 1453 369 1493; x_wconf 87' lang='lat' dir='ltr'>Ausonii</span> <span class='ocrx_word' id='word_1_191' title='bbox 402 1467 452 1493; x_wconf 83' lang='lat' dir='ltr'>ex</span> <span class='ocrx_word' id='word_1_192' title='bbox 478 1451 688 1505; x_wconf 83' lang='lat' dir='ltr'>Hesperio</span> <span class='ocrx_word' id='word_1_193' title='bbox 715 1451 805 1491; x_wconf 89' lang='lat' dir='ltr'>filio</span> <span class='ocrx_word' id='word_1_194' title='bbox 835 1465 980 1504; x_wconf 88' lang='lat' dir='ltr'>nepos,</span> <span class='ocrx_word' id='word_1_195' title='bbox 1011 1453 1060 1491; x_wconf 89' lang='lat' dir='ltr'>ut</span> <span class='ocrx_word' id='word_1_196' title='bbox 1093 1450 1262 1491; x_wconf 85' lang='lat' dir='ltr'>uidetur</span> <span class='ocrx_word' id='word_1_197' title='bbox 1300 1455 1415 1499; x_wconf 75' lang='lat' dir='ltr'>(quod</span> 
     </span>
     <span class='ocr_line' id='line_1_27' title="bbox 187 1506 1414 1554; baseline -0.004 -10"><span class='ocrx_word' id='word_1_198' title='bbox 187 1509 356 1554; x_wconf 83' lang='lat' dir='ltr'>Souchay</span> <span class='ocrx_word' id='word_1_199' title='bbox 375 1509 423 1543; x_wconf 88' lang='lat' dir='ltr'>ad</span> <span class='ocrx_word' id='word_1_200' title='bbox 444 1510 579 1543; x_wconf 87' lang='lat' dir='ltr'>Auson.</span> <span class='ocrx_word' id='word_1_201' title='bbox 600 1508 668 1553; x_wconf 87' lang='lat' dir='ltr'>Ep.</span> <span class='ocrx_word' id='word_1_202' title='bbox 683 1507 750 1542; x_wconf 87' lang='lat' dir='ltr'>XX</span> <span class='ocrx_word' id='word_1_203' title='bbox 772 1507 864 1542; x_wconf 87' lang='lat' dir='ltr'>dicit</span> <span class='ocrx_word' id='word_1_204' title='bbox 884 1507 928 1541; x_wconf 89' lang='lat' dir='ltr'>de</span> <span class='ocrx_word' id='word_1_205' title='bbox 943 1508 1061 1552; x_wconf 88' lang='lat' dir='ltr'>patre,</span> <span class='ocrx_word' id='word_1_206' title='bbox 1081 1507 1221 1552; x_wconf 83' lang='lat' dir='ltr'>pariter</span> <span class='ocrx_word' id='word_1_207' title='bbox 1233 1507 1352 1551; x_wconf 83' lang='lat' dir='ltr'>possit</span> <span class='ocrx_word' id='word_1_208' title='bbox 1367 1506 1414 1540; x_wconf 87' lang='lat' dir='ltr'>ad</span> 
     </span>
     <span class='ocr_line' id='line_1_28' title="bbox 184 1553 1416 1600; baseline -0.002 -10"><span class='ocrx_word' id='word_1_209' title='bbox 184 1556 302 1591; x_wconf 87' lang='lat' dir='ltr'>filium</span> <span class='ocrx_word' id='word_1_210' title='bbox 328 1557 537 1600; x_wconf 80' lang='lat' dir='ltr'>pertinere).</span> <span class='ocrx_word' id='word_1_211' title='bbox 582 1556 690 1589; x_wconf 85' lang='lat' dir='ltr'>huius</span> <span class='ocrx_word' id='word_1_212' title='bbox 716 1555 776 1589; x_wconf 67' lang='lat' dir='ltr'>uel</span> <span class='ocrx_word' id='word_1_213' title='bbox 802 1554 899 1588; x_wconf 86' lang='lat' dir='ltr'>filius</span> <span class='ocrx_word' id='word_1_214' title='bbox 925 1555 986 1589; x_wconf 90' lang='lat' dir='ltr'>uel</span> <span class='ocrx_word' id='word_1_215' title='bbox 1010 1566 1125 1599; x_wconf 88' lang='lat' dir='ltr'>nepos</span> <span class='ocrx_word' id='word_1_216' title='bbox 1151 1553 1265 1588; x_wconf 84' lang='lat' dir='ltr'>fuisse</span> <span class='ocrx_word' id='word_1_217' title='bbox 1291 1555 1416 1598; x_wconf 88' lang='lat' dir='ltr'>potest</span> 
     </span>
    </p>
   </div>
   <div class='ocr_carea' id='block_1_8' title="bbox 185 1598 1417 1694">
    <p class='ocr_par' dir='ltr' id='par_1_9' title="bbox 185 1598 1417 1694">
     <span class='ocr_line' id='line_1_29' title="bbox 187 1598 1417 1647; baseline -0.002 -10"><span class='ocrx_word' id='word_1_218' title='bbox 187 1604 217 1637; x_wconf 90' lang='lat' dir='ltr'>is</span> <span class='ocrx_word' id='word_1_219' title='bbox 244 1604 460 1647; x_wconf 73' lang='lat' dir='ltr'>Hesperius,</span> <span class='ocrx_word' id='word_1_220' title='bbox 495 1603 540 1637; x_wconf 86' lang='lat' dir='ltr'>de</span> <span class='ocrx_word' id='word_1_221' title='bbox 567 1614 638 1646; x_wconf 88' lang='lat' dir='ltr'>quo</span> <span class='ocrx_word' id='word_1_222' title='bbox 665 1603 852 1637; x_wconf 87' lang='lat' dir='ltr'>decretum</span> <span class='ocrx_word' id='word_1_223' title='bbox 880 1601 1111 1646; x_wconf 88' lang='lat' dir='ltr'>proconsulis</span> <span class='ocrx_word' id='word_1_224' title='bbox 1137 1601 1300 1635; x_wconf 86' lang='lat' dir='ltr'>Achaiae</span> <span class='ocrx_word' id='word_1_225' title='bbox 1327 1598 1417 1635; x_wconf 90' lang='lat' dir='ltr'>CIL</span> 
     </span>
     <span class='ocr_line' id='line_1_30' title="bbox 185 1651 526 1694; baseline 0 -10"><span class='ocrx_word' id='word_1_226' title='bbox 185 1651 236 1684; x_wconf 77' lang='grc' dir='ltr'>ΙΙΙ</span> <span class='ocrx_word' id='word_1_227' title='bbox 256 1654 324 1685; x_wconf 82' lang='grc'>568</span> <span class='ocrx_word' id='word_1_228' title='bbox 352 1651 526 1694; x_wconf 86' lang='lat' dir='ltr'>loquitur.</span> 
     </span>
    </p>
   </div>
   <div class='ocr_carea' id='block_1_9' title="bbox 69 1696 1419 2034">
    <p class='ocr_par' dir='ltr' id='par_1_10' title="bbox 69 1696 1418 1859">
     <span class='ocr_line' id='line_1_31' title="bbox 69 1696 1418 1752; baseline -0.003 -11"><span class='ocrx_word' id='word_1_229' title='bbox 69 1700 156 1742; x_wconf 80' lang='lat'>385</span> <span class='ocrx_word' id='word_1_230' title='bbox 188 1699 557 1740; x_wconf 88' lang='lat' dir='ltr'>Priscillianus</span> <span class='ocrx_word' id='word_1_231' title='bbox 591 1713 686 1739; x_wconf 87' lang='lat' dir='ltr'>cum</span> <span class='ocrx_word' id='word_1_232' title='bbox 719 1698 845 1739; x_wconf 88' lang='lat' dir='ltr'>sociis</span> <span class='ocrx_word' id='word_1_233' title='bbox 879 1697 1030 1752; x_wconf 84' lang='lat' dir='ltr'>capitis</span> <span class='ocrx_word' id='word_1_234' title='bbox 1062 1698 1302 1750; x_wconf 82' lang='lat' dir='ltr'>damnatus,</span> <span class='ocrx_word' id='word_1_235' title='bbox 1333 1696 1418 1737; x_wconf 86' lang='lat' dir='ltr'>Eu-</span> 
     </span>
     <span class='ocr_line' id='line_1_32' title="bbox 189 1757 1418 1813; baseline -0.002 -14"><span class='ocrx_word' id='word_1_236' title='bbox 189 1759 356 1800; x_wconf 87' lang='lat' dir='ltr'>chrotia</span> <span class='ocrx_word' id='word_1_237' title='bbox 377 1772 543 1813; x_wconf 88' lang='lat' dir='ltr'>quoque</span> <span class='ocrx_word' id='word_1_238' title='bbox 565 1757 708 1811; x_wconf 72' lang='lat' dir='ltr'>gladio</span> <span class='ocrx_word' id='word_1_239' title='bbox 730 1759 951 1811; x_wconf 85' lang='lat' dir='ltr'>perempta</span> <span class='ocrx_word' id='word_1_240' title='bbox 972 1762 1124 1807; x_wconf 55' lang='lat' dir='ltr'>[Sulpic.</span> <span class='ocrx_word' id='word_1_241' title='bbox 1147 1762 1269 1797; x_wconf 83' lang='lat' dir='ltr'>Seuer.</span> <span class='ocrx_word' id='word_1_242' title='bbox 1293 1761 1418 1796; x_wconf 85' lang='lat' dir='ltr'>chron.</span> 
     </span>
     <span class='ocr_line' id='line_1_33' title="bbox 189 1812 1418 1859; baseline -0.002 -11"><span class='ocrx_word' id='word_1_243' title='bbox 189 1815 293 1858; x_wconf 78' lang='lat'>1151,</span> <span class='ocrx_word' id='word_1_244' title='bbox 314 1819 334 1849; x_wconf 81' lang='lat'>2</span> <span class='ocrx_word' id='word_1_245' title='bbox 351 1827 403 1859; x_wconf 89' lang='lat' dir='ltr'>sq.</span> <span class='ocrx_word' id='word_1_246' title='bbox 425 1815 511 1849; x_wconf 87' lang='lat' dir='ltr'>dial.</span> <span class='ocrx_word' id='word_1_247' title='bbox 526 1814 578 1848; x_wconf 88' lang='lat' dir='ltr'>III</span> <span class='ocrx_word' id='word_1_248' title='bbox 594 1818 634 1848; x_wconf 95' lang='lat'>11</span> <span class='ocrx_word' id='word_1_249' title='bbox 649 1826 727 1858; x_wconf 88' lang='lat' dir='ltr'>sqq.</span> <span class='ocrx_word' id='word_1_250' title='bbox 755 1814 884 1849; x_wconf 85' lang='lat' dir='ltr'>Pacati</span> <span class='ocrx_word' id='word_1_251' title='bbox 898 1825 1029 1858; x_wconf 87' lang='lat' dir='ltr'>paneg.</span> <span class='ocrx_word' id='word_1_252' title='bbox 1046 1817 1100 1848; x_wconf 78' lang='lat'>29.</span> <span class='ocrx_word' id='word_1_253' title='bbox 1122 1812 1217 1847; x_wconf 81' lang='lat' dir='ltr'>Prof.</span> <span class='ocrx_word' id='word_1_254' title='bbox 1235 1816 1266 1857; x_wconf 83' lang='lat'>5,</span> <span class='ocrx_word' id='word_1_255' title='bbox 1283 1815 1325 1847; x_wconf 83' lang='lat'>37</span> <span class='ocrx_word' id='word_1_256' title='bbox 1338 1813 1418 1856; x_wconf 87' lang='lat' dir='ltr'>sq.).</span> 
     </span>
    </p>

    <p class='ocr_par' dir='ltr' id='par_1_11' title="bbox 70 1865 1419 2034">
     <span class='ocr_line' id='line_1_34' title="bbox 70 1865 1419 1917; baseline -0.004 -11"><span class='ocrx_word' id='word_1_257' title='bbox 70 1869 188 1917; x_wconf 88' lang='lat' dir='ltr'>paulo</span> <span class='ocrx_word' id='word_1_258' title='bbox 221 1870 312 1916; x_wconf 89' lang='lat' dir='ltr'>post</span> <span class='ocrx_word' id='word_1_259' title='bbox 346 1869 427 1905; x_wconf 84' lang='lat'>385</span> <span class='ocrx_word' id='word_1_260' title='bbox 475 1867 807 1904; x_wconf 83' lang='lat' dir='ltr'>Professorum</span> <span class='ocrx_word' id='word_1_261' title='bbox 847 1865 1275 1915; x_wconf 84' lang='lat' dir='ltr'>Burdigalensium</span> <span class='ocrx_word' id='word_1_262' title='bbox 1314 1876 1419 1902; x_wconf 80' lang='lat' dir='ltr'>con-</span> 
     </span>
     <span class='ocr_line' id='line_1_35' title="bbox 187 1923 1419 1973; baseline -0.003 -10"><span class='ocrx_word' id='word_1_263' title='bbox 187 1926 473 1964; x_wconf 85' lang='lat' dir='ltr'>memoratio</span> <span class='ocrx_word' id='word_1_264' title='bbox 513 1928 559 1972; x_wconf 78' lang='lat'>(5,</span> <span class='ocrx_word' id='word_1_265' title='bbox 580 1933 622 1964; x_wconf 85' lang='lat'>37</span> <span class='ocrx_word' id='word_1_266' title='bbox 651 1928 874 1963; x_wconf 83' lang='lat' dir='ltr'>Euchrotiae</span> <span class='ocrx_word' id='word_1_267' title='bbox 907 1939 1028 1973; x_wconf 85' lang='lat' dir='ltr'>poena</span> <span class='ocrx_word' id='word_1_268' title='bbox 1052 1924 1305 1967; x_wconf 76' lang='lat' dir='ltr'>memoratur).</span> <span class='ocrx_word' id='word_1_269' title='bbox 1356 1923 1419 1960; x_wconf 83' lang='lat' dir='ltr'>his</span> 
     </span>
     <span class='ocr_line' id='line_1_36' title="bbox 189 1981 1418 2034; baseline -0.003 -12"><span class='ocrx_word' id='word_1_270' title='bbox 189 1998 268 2023; x_wconf 88' lang='lat' dir='ltr'>non</span> <span class='ocrx_word' id='word_1_271' title='bbox 299 1985 425 2022; x_wconf 86' lang='lat' dir='ltr'>multo</span> <span class='ocrx_word' id='word_1_272' title='bbox 458 1986 549 2034; x_wconf 86' lang='lat' dir='ltr'>post</span> <span class='ocrx_word' id='word_1_273' title='bbox 581 1984 786 2022; x_wconf 79' lang='lat' dir='ltr'>subiunxit</span> <span class='ocrx_word' id='word_1_274' title='bbox 818 1984 1078 2033; x_wconf 86' lang='lat' dir='ltr'>Epitaphia</span> <span class='ocrx_word' id='word_1_275' title='bbox 1108 1984 1275 2020; x_wconf 83' lang='lat' dir='ltr'>heroum</span> <span class='ocrx_word' id='word_1_276' title='bbox 1307 1981 1418 2019; x_wconf 85' lang='lat' dir='ltr'>Troi-</span> 
     </span>
    </p>
   </div>
   <div class='ocr_carea' id='block_1_10' title="bbox 73 2045 1420 2332">
    <p class='ocr_par' dir='ltr' id='par_1_12' title="bbox 73 2045 1420 2332">
     <span class='ocr_line' id='line_1_37' title="bbox 191 2045 1420 2090; baseline -0.002 -10"><span class='ocrx_word' id='word_1_277' title='bbox 191 2056 326 2081; x_wconf 86' lang='lat' dir='ltr'>corum</span> <span class='ocrx_word' id='word_1_278' title='bbox 357 2045 496 2081; x_wconf 74' lang='lat'>1—26</span> <span class='ocrx_word' id='word_1_279' title='bbox 538 2045 638 2087; x_wconf 84' lang='lat' dir='ltr'>(nam</span> <span class='ocrx_word' id='word_1_280' title='bbox 671 2057 765 2089; x_wconf 81' lang='lat' dir='ltr'>quae</span> <span class='ocrx_word' id='word_1_281' title='bbox 798 2047 970 2080; x_wconf 82' lang='lat' dir='ltr'>secuntur</span> <span class='ocrx_word' id='word_1_282' title='bbox 996 2045 1083 2090; x_wconf 86' lang='lat' dir='ltr'>epit.</span> <span class='ocrx_word' id='word_1_283' title='bbox 1111 2047 1261 2079; x_wconf 80' lang='lat'>27—35</span> <span class='ocrx_word' id='word_1_284' title='bbox 1288 2045 1420 2088; x_wconf 82' lang='lat' dir='ltr'>postea</span> 
     </span>
     <span class='ocr_line' id='line_1_38' title="bbox 193 2094 1419 2141; baseline -0.002 -11"><span class='ocrx_word' id='word_1_285' title='bbox 193 2097 270 2131; x_wconf 85' lang='lat' dir='ltr'>siue</span> <span class='ocrx_word' id='word_1_286' title='bbox 298 2097 344 2131; x_wconf 83' lang='lat' dir='ltr'>ab</span> <span class='ocrx_word' id='word_1_287' title='bbox 370 2097 451 2141; x_wconf 83' lang='lat' dir='ltr'>ipso</span> <span class='ocrx_word' id='word_1_288' title='bbox 480 2095 556 2131; x_wconf 86' lang='lat' dir='ltr'>siue</span> <span class='ocrx_word' id='word_1_289' title='bbox 583 2097 630 2130; x_wconf 88' lang='lat' dir='ltr'>ab</span> <span class='ocrx_word' id='word_1_290' title='bbox 656 2096 852 2131; x_wconf 85' lang='lat' dir='ltr'>heredibus</span> <span class='ocrx_word' id='word_1_291' title='bbox 879 2097 1026 2131; x_wconf 83' lang='lat' dir='ltr'>adiecta</span> <span class='ocrx_word' id='word_1_292' title='bbox 1051 2094 1234 2137; x_wconf 89' lang='lat' dir='ltr'>uidentur,</span> <span class='ocrx_word' id='word_1_293' title='bbox 1263 2095 1305 2128; x_wconf 87' lang='lat' dir='ltr'>ut</span> <span class='ocrx_word' id='word_1_294' title='bbox 1330 2094 1419 2138; x_wconf 83' lang='lat' dir='ltr'>epit.</span> 
     </span>
     <span class='ocr_line' id='line_1_39' title="bbox 193 2141 1419 2187; baseline -0.003 -9"><span class='ocrx_word' id='word_1_295' title='bbox 193 2148 236 2178; x_wconf 88' lang='lat'>33</span> <span class='ocrx_word' id='word_1_296' title='bbox 260 2145 358 2187; x_wconf 73' lang='lat'>(255)</span> <span class='ocrx_word' id='word_1_297' title='bbox 391 2144 509 2178; x_wconf 86' lang='lat' dir='ltr'>multo</span> <span class='ocrx_word' id='word_1_298' title='bbox 543 2146 628 2178; x_wconf 86' lang='lat' dir='ltr'>ante</span> <span class='ocrx_word' id='word_1_299' title='bbox 660 2146 725 2178; x_wconf 88' lang='lat' dir='ltr'>aut</span> <span class='ocrx_word' id='word_1_300' title='bbox 757 2144 947 2178; x_wconf 82' lang='lat' dir='ltr'>conditum</span> <span class='ocrx_word' id='word_1_301' title='bbox 974 2143 1020 2177; x_wconf 84' lang='lat' dir='ltr'>ab</span> <span class='ocrx_word' id='word_1_302' title='bbox 1046 2143 1127 2187; x_wconf 89' lang='lat' dir='ltr'>ipso</span> <span class='ocrx_word' id='word_1_303' title='bbox 1153 2141 1316 2175; x_wconf 88' lang='lat' dir='ltr'>Ausonio</span> <span class='ocrx_word' id='word_1_304' title='bbox 1343 2142 1419 2184; x_wconf 84' lang='lat' dir='ltr'>aut,</span> 
     </span>
     <span class='ocr_line' id='line_1_40' title="bbox 193 2190 1323 2235; baseline -0.004 -10"><span class='ocrx_word' id='word_1_305' title='bbox 193 2192 291 2234; x_wconf 88' lang='lat' dir='ltr'>quod</span> <span class='ocrx_word' id='word_1_306' title='bbox 317 2191 470 2235; x_wconf 81' lang='lat' dir='ltr'>propius</span> <span class='ocrx_word' id='word_1_307' title='bbox 496 2202 518 2225; x_wconf 87' lang='lat' dir='ltr'>a</span> <span class='ocrx_word' id='word_1_308' title='bbox 544 2201 631 2225; x_wconf 90' lang='lat' dir='ltr'>uero</span> <span class='ocrx_word' id='word_1_309' title='bbox 658 2190 816 2234; x_wconf 85' lang='lat' dir='ltr'>uidetur,</span> <span class='ocrx_word' id='word_1_310' title='bbox 844 2202 888 2224; x_wconf 83' lang='lat' dir='ltr'>ex</span> <span class='ocrx_word' id='word_1_311' title='bbox 915 2191 1054 2225; x_wconf 82' lang='lat' dir='ltr'>Graeco</span> <span class='ocrx_word' id='word_1_312' title='bbox 1082 2190 1323 2230; x_wconf 78' lang='lat' dir='ltr'>conuersum).</span> 
     </span>
     <span class='ocr_line' id='line_1_41' title="bbox 73 2242 1420 2292; baseline -0.005 -9"><span class='ocrx_word' id='word_1_313' title='bbox 73 2245 254 2292; x_wconf 65' lang='lat' dir='ltr'>386s381</span> <span class='ocrx_word' id='word_1_314' title='bbox 289 2242 396 2292; x_wconf 84' lang='lat' dir='ltr'>Sept.</span> <span class='ocrx_word' id='word_1_315' title='bbox 442 2242 786 2281; x_wconf 83' lang='lat' dir='ltr'>Genethliacos</span> <span class='ocrx_word' id='word_1_316' title='bbox 825 2243 880 2280; x_wconf 87' lang='lat' dir='ltr'>ad</span> <span class='ocrx_word' id='word_1_317' title='bbox 911 2244 1130 2291; x_wconf 87' lang='lat' dir='ltr'>nepotem</span> <span class='ocrx_word' id='word_1_318' title='bbox 1162 2243 1300 2285; x_wconf 73' lang='lat' dir='ltr'>(Idibus</span> <span class='ocrx_word' id='word_1_319' title='bbox 1331 2242 1420 2287; x_wconf 83' lang='lat' dir='ltr'>Sep·</span> 
     </span>
     <span class='ocr_line' id='line_1_42' title="bbox 189 2292 1419 2332; baseline -0.003 -1"><span class='ocrx_word' id='word_1_320' title='bbox 189 2297 320 2332; x_wconf 81' lang='lat' dir='ltr'>tembr.</span> <span class='ocrx_word' id='word_1_321' title='bbox 359 2297 390 2331; x_wconf 86' lang='lat' dir='ltr'>is</span> <span class='ocrx_word' id='word_1_322' title='bbox 424 2296 541 2331; x_wconf 71' lang='lat' dir='ltr'>XVum</span> <span class='ocrx_word' id='word_1_323' title='bbox 574 2307 710 2331; x_wconf 84' lang='lat' dir='ltr'>annum</span> <span class='ocrx_word' id='word_1_324' title='bbox 744 2297 973 2332; x_wconf 83' lang='lat' dir='ltr'>absoluerat:</span> <span class='ocrx_word' id='word_1_325' title='bbox 1013 2299 1057 2330; x_wconf 82' lang='lat'>20</span> <span class='ocrx_word' id='word_1_326' title='bbox 1091 2298 1194 2330; x_wconf 75' lang='lat' dir='ltr'>sexta</span> <span class='ocrx_word' id='word_1_327' title='bbox 1224 2293 1295 2329; x_wconf 71' lang='lat' dir='ltr'>tibi</span> <span class='ocrx_word' id='word_1_328' title='bbox 1326 2292 1419 2328; x_wconf 80' lang='lat' dir='ltr'>haec</span> 
     </span>
    </p>
   </div>
  </div>
 </body>
</html>
