1563 2511
604 76 922 116 ——387—

734 223 811 259 XV.

257 291 382 338 Αὐτὰρ
410 292 491 329 ἐπεὶ
518 292 581 328 διά
609 306 645 328 τε
675 292 858 334 σκόλοπας
884 294 946 329 καὶ
972 293 1116 339 τάφρον
1144 294 1282 342 ἔβησαν

262 342 340 375 Iam
367 341 509 375 uallum
535 341 746 384 fossamque
774 352 883 385 super
909 342 1069 376 Troiana
1095 344 1267 377 iuuentus

262 388 454 422 Institerat
486 391 616 432 captae
642 387 819 422 minitans
846 388 1016 423 incendia
1042 389 1181 423 classis.

183 471 379 526 Iuppiter
412 486 561 513 somno
592 471 838 526 expergitus
865 472 982 513 uidet
1008 476 1168 513 statum
1195 474 1441 514 certaminis

93 531 347 572 innonatum
393 531 577 585 pellique
618 530 845 584 Troianos,
890 530 1065 572 Graecis
1112 546 1235 585 opem
1278 532 1441 573 ferente
1468 544 1487 574 5

95 588 310 643 Neptuno.
354 590 499 643 itaque
533 604 681 644 aspere
714 588 876 630 Iunone
902 591 1124 644 increpata
1151 594 1193 631 et
1218 590 1442 633 minaciter

94 663 170 701 per
214 648 373 689 Iridem
418 648 548 689 fratre
594 649 827 689 conterrito
872 648 990 690 iubet
1035 649 1335 690 auxiliatorem
1376 649 1443 690 de-

95 707 258 748 sistere.
331 707 423 761 ipse
467 707 712 760 Apollinem
762 707 993 749 recreando
1045 707 1219 762 adlegat
1262 706 1443 748 Hectori

95 770 324 820 monetque
368 781 444 820 pro
490 765 733 820 Phrygibus
784 766 886 807 belli
929 766 1168 807 instaurare
1213 766 1442 807 fortunam.

91 828 185 865 tum
212 829 254 865 et
279 825 390 865 Aiax
418 824 691 866 Telamonius
720 827 890 866 strenue
916 825 1151 878 proeliatur
1178 827 1220 865 et
1245 825 1441 878 plurimis
1469 837 1514 869 ιο

93 883 284 925 hostium
315 883 551 925 interfectis
585 884 863 938 conflagratio
897 883 1045 925 classis
1078 887 1258 925 arcetur.

719 1033 814 1069 XVI.

259 1118 314 1156 ,Ως
340 1114 378 1150 οἷ
400 1115 468 1161 μὲν
495 1117 580 1161 περὶ
606 1113 696 1160 νηὸς
723 1113 938 1161 ἐϋσσέλμοιο
965 1114 1128 1160 μάχοντο

259 1163 354 1197 Dum
380 1163 479 1205 face,
507 1164 594 1197 dum
620 1163 716 1197 ferro
743 1162 882 1197 celsam
909 1163 1095 1197 adfectare
1123 1163 1287 1197 carinam

259 1210 371 1245 Troes
399 1212 436 1245 et
461 1209 627 1255 Argolici
653 1212 814 1255 pergunt
840 1210 1038 1245 defendere
1064 1221 1178 1254 reges.

181 1305 369 1347 Achilles
398 1305 656 1347 Graecorum
688 1308 849 1347 statum
880 1306 967 1347 iam
999 1306 1078 1347 sub
1109 1309 1299 1347 extrema
1325 1308 1441 1347 sorte

92 1365 319 1406 miseratus
351 1365 615 1420 tegminibus
642 1365 729 1406 suis
757 1365 1004 1406 Patroclum
1029 1365 1243 1418 permittit
1269 1365 1438 1406 armari.
1465 1375 1486 1406 5

91 1424 165 1477 qui
215 1438 309 1465 cum
359 1423 683 1477 Myrmidonum
738 1424 1009 1477 produxisset
1058 1424 1290 1465 exercitum
1341 1438 1439 1465 con-

91 1485 392 1536 sternatosque
414 1482 625 1524 Troianos
647 1482 828 1525 Achillis
851 1483 990 1535 specie
1012 1482 1248 1536 fefellisset,
1268 1486 1439 1523 ruentes

91 1556 221 1595 supra
274 1542 437 1582 uallum
489 1545 531 1582 et
581 1542 764 1583 inuicem
815 1541 1051 1582 officientes
1103 1555 1228 1582 caeco
1279 1556 1439 1595 pauore

93 1614 225 1654 usque
268 1600 321 1641 ad
360 1601 499 1654 campi
531 1603 680 1653 aperta
713 1600 942 1653 compellit.
1005 1600 1156 1640 deinde
1188 1613 1438 1654 congressus

91 1658 384 1712 Sarpedonem
415 1659 588 1712 perimit
620 1659 851 1713 multisque
884 1658 1075 1699 hostium
1103 1659 1237 1699 caesis
1263 1659 1356 1711 ipse
1384 1659 1437 1700 ab
1467 1669 1510 1700 10

92 1717 278 1759 Hectore
310 1717 567 1759 interficitur
598 1718 717 1771 prius
751 1718 804 1758 ab
838 1717 1075 1771 Euphorbo
1111 1717 1369 1759 uulneratus.

186 1868 253 1903 XV
288 1874 305 1902 1
334 1866 415 1903 ἐπεὶ
443 1865 504 1902 διά
533 1881 570 1902 τε
598 1866 783 1907 σκόλοπας
809 1867 889 1912 καὶ]
917 1878 976 1902 em
1004 1870 1340 1911 mmccxoionaoay
1360 1868 1396 1901 P

92 1921 112 1950 3
139 1916 274 1950 insidia
294 1915 423 1950 classis
441 1915 476 1948 P
501 1915 610 1949 classi
632 1915 797 1959 Vyoletus
866 1919 884 1949 7
906 1915 1058 1949 fratrem
1078 1914 1329 1949 conterritaP
1344 1926 1435 1949 corr.

91 1964 345 1998 Aecus-§ianus
443 1965 463 1996 8
490 1962 702 2006 appolinem
729 1962 765 1996 P
857 1966 876 1996 9
904 1961 1098 2006 phrigibus
1125 1962 1161 1995 P
1251 1966 1292 1996 10
1319 1962 1437 1996 thela-

91 2011 235 2044 monius
261 2010 297 2043 P
326 2012 330 2053 Ι
366 2012 511 2044 strenue
548 2010 712 2052 ngoletus
750 2020 861 2053 grene
889 2009 986 2053 (add.
1015 2020 1118 2044 cruce
1145 2010 1183 2043 ίη
1209 2010 1337 2053 mara.)
1367 2010 1403 2042 P
1430 2043 1433 2054 Δ

91 2056 271 2101 preliatur
296 2057 353 2099 P}
386 2058 424 2091 et
449 2055 634 2101 plurimis]
663 2059 699 2090 et
724 2067 789 2090 om.
811 2056 847 2091 P
869 2058 906 2090 et
931 2055 977 2089 ab
1005 2056 1133 2090 eodem
1160 2057 1245 2091 add.
1273 2055 1437 2100 Vyoletus

187 2115 271 2150 XVI
298 2120 315 2149 1
343 2114 444 2160 περὶ]
472 2126 551 2149 ΠΕΡΙ
571 2115 608 2149 Ρ
637 2116 642 2159 1
677 2117 839 2156 &sechim
860 2115 896 2149 P
974 2118 993 2148 2
1022 2126 1105 2149 cum
1131 2115 1209 2149 face
1235 2116 1315 2149 tum
1340 2114 1436 2150 ferro

91 2163 295 2208 Heinsius}
329 2162 518 2196 adfectare
539 2162 681 2206 Peiper,
702 2162 864 2203 Schenkl,
891 2161 1025 2196 affecta
1053 2162 1088 2195 P
1159 2166 1178 2195 3
1206 2164 1327 2196 troeos
1356 2161 1393 2194 P

92 2214 113 2243 4
140 2209 286 2243 achillis
314 2209 349 2243 P
442 2213 462 2242 5
489 2210 685 2243 miseratur
711 2209 747 2243 P
778 2211 782 2252 Ι
817 2208 1027 2252 agminibus
1055 2209 1091 2242 P
1121 2220 1210 2243 corr.
1239 2209 1390 2243 »Schenkl

92 2260 112 2289 6
140 2256 412 2299 mirmydonum
441 2255 477 2288 P
573 2260 590 2290 7
619 2255 797 2291 fefelisset
822 2256 871 2290 PE
968 2260 988 2290 8
1016 2256 1140 2300 supra]
1170 2255 1232 2289 siit
1256 2255 1293 2289 P
1319 2258 1324 2300 Ι
1360 2256 1437 2290 effi-

92 2302 235 2337 cientes
264 2303 299 2337 P
323 2314 413 2338 corr.
435 2303 633 2338 Aemo-sius
732 2308 773 2338 10
800 2303 878 2348 ipse
905 2302 952 2337 ad
971 2305 982 2346 ΙΙ
1003 2303 1049 2336 ab
1076 2303 1226 2336 hectore
1256 2303 1291 2336 P

1154 2360 1226 2396 ⁶35*
