1563 2511
651 77 857 119 —400
923 101 970 107 —-

142 183 314 224 domum
353 186 400 225 ut
435 183 610 238 rediret,
647 185 901 237 maturoque
934 183 1151 238 digressus
1184 183 1315 225 cubili
1347 199 1372 225 a
1402 182 1489 226 Me-

140 242 265 284 nelao
305 243 475 283 ueniam
514 242 774 284 reuersionis
813 244 971 283 exorat.
1034 256 1117 296 qua
1150 243 1330 284 comiter
1360 243 1490 297 impe·
1515 254 1535 284 5

140 303 255 342 trata
287 301 527 356 regreditur
560 301 612 343 ad
644 316 797 343 nauem
829 305 956 355 portu
988 300 1109 355 Pylio
1141 301 1389 343 molientem
1421 302 1489 342 Pi-

141 359 400 414 sistratoque
441 360 495 401 ad
532 361 682 402 urbem
728 363 854 414 atque
900 360 951 401 ad
995 360 1139 415 patria
1178 361 1358 402 remisso
1397 360 1489 414 ipse

139 433 321 473 propere
355 419 486 460 soluit
518 434 539 460 e
572 420 718 472 litore,
758 419 914 461 comite
944 419 1235 474 nauigationis
1269 421 1488 473 assumpto

142 477 462 532 Theoclymeno
489 480 587 520 uate
607 478 792 533 Argiuo,
818 492 904 519 uno
932 492 981 519 ex
1008 478 1075 519 his
1084 511 1094 532 ,
1122 492 1226 531 quos
1247 477 1488 532 Melampus

141 536 426 590 Amythaonis
460 538 655 579 erudiuit.
718 537 952 591 uitatisque
990 536 1314 578 insidiatoribus
1346 537 1487 591 procis
1517 548 1559 579 10

141 595 366 637 aduehitur
397 596 443 637 in
474 596 673 651 patriam.
719 598 762 636 et
788 597 914 637 sociis
943 596 1113 650 quidem
1140 598 1313 649 portum
1345 598 1488 650 petere

140 654 268 696 iussis
295 655 388 710 ipse
415 654 585 697 diuerso
613 654 766 696 itinere
794 655 847 695 ad
874 668 1025 710 agrum
1045 654 1367 709 Eumaeumque
1392 669 1489 709 pro-

139 713 355 755 ficiscitur.

764 815 860 851 XVI.

283 885 343 922 Τώ
371 882 405 922 δ’
438 882 521 922 αὖτ’
551 884 592 922 ἐν
618 888 758 933 κλισίῃς
780 885 957 927 Ὀδυσεὺς
982 887 1047 921 καὶ
1073 888 1152 928 δῖος
1178 884 1344 934 ὑφορβός

282 935 484 970 Commune
511 935 694 969 Eumaeus
720 934 867 978 mapale
894 936 931 969 et
956 934 1064 969 diuus
1091 934 1231 970 Vlixes.

227 1019 508 1061 Telemachus
547 1019 786 1061 Eumaeum
825 1019 1025 1061 nuntium
1063 1019 1224 1061 reditus
1263 1020 1398 1062 mittit
1435 1020 1487 1062 ad

138 1081 332 1120 matrem.
382 1081 549 1132 patrem
570 1078 765 1120 Minerua
790 1078 852 1119 ita
878 1078 1048 1119 uolente
1076 1080 1297 1133 cognoscit
1323 1082 1365 1120 et
1390 1094 1485 1120 cum

137 1152 187 1179 eo
215 1138 414 1191 deinceps
442 1137 610 1193 agenda
636 1137 834 1191 disponit.
885 1137 1105 1191 Penelopa
1137 1140 1279 1179 autem
1313 1139 1484 1194 cognito
1511 1148 1531 1178 5

136 1196 215 1237 filii
253 1197 392 1238 reditu
429 1197 474 1238 in
512 1199 770 1238 conuentum
814 1210 1058 1250 procorum,
1103 1211 1187 1250 qua
1231 1197 1486 1239 uerecundia

138 1255 324 1309 sinebat,
357 1255 571 1310 egreditur
596 1255 912 1309 increpatisque
938 1255 1260 1297 insidiatoribus
1293 1256 1372 1297 filii
1398 1271 1485 1298 non

137 1315 277 1356 minus
310 1315 422 1356 irata
454 1330 580 1369 quam
614 1317 778 1355 maesta
811 1314 999 1355 discedit.

751 1453 863 1488 XVII.

353 1527 457 1569 Ημος
484 1521 520 1558 δ’
549 1520 741 1569 ἠριγένεια
769 1522 871 1568 φάνη
900 1522 1177 1569 ῥοδοδάκτυλος
1203 1521 1277 1568 ἠώς

348 1572 425 1606 Iam
453 1572 597 1606 caelum
624 1571 737 1606 roseis
762 1571 896 1606 rutilat
920 1571 1095 1606 Tithonia
1122 1571 1228 1617 bigis.

224 1656 503 1698 Telemachus
543 1656 692 1698 anxiae
730 1657 859 1697 matri
899 1656 1092 1698 ordinem
1123 1656 1482 1711 peregrinationis

229 1777 249 1806 4
277 1773 470 1817 degressus
496 1772 532 1806 P
625 1776 645 1806 5
672 1771 760 1816 quia
788 1773 823 1806 P
918 1777 937 1807 6
963 1772 1114 1818 nauem]
1140 1783 1234 1807 naue
1260 1772 1298 1806 in
1324 1772 1361 1807 P
1389 1783 1478 1808 corr.

132 1819 263 1864 Peiper
289 1830 423 1854 nauem
450 1819 487 1853 in
510 1819 677 1864 Vyoletus
699 1823 702 1861 Ι
726 1819 818 1863 pilio
836 1820 871 1852 P
892 1820 895 1865 Ι
920 1821 1131 1854 manentem
1160 1820 1326 1863 quletus
1349 1822 1353 1863 Ι
1376 1820 1480 1864 pisis—

133 1868 250 1901 strato
266 1867 316 1901 Pg
367 1871 385 1901 7
407 1868 453 1901 ad
474 1867 633 1911 patriam
655 1866 691 1900 P
712 1878 803 1901 corr.
820 1868 962 1911 Peiper,
984 1868 1031 1901 ad
1052 1870 1196 1911 patrem
1218 1867 1298 1901 Tolz
1321 1869 1325 1912 Ι
1348 1867 1480 1902 emisso

132 1914 169 1948 P
184 1925 275 1948 corr.
291 1914 469 1948 Heinsius
537 1918 556 1948 9
573 1913 866 1960 Theoclymeno]
888 1914 1056 1949 clemono
1074 1914 1110 1948 P
1130 1916 1134 1959 Ι
1157 1916 1244 1949 nate
1259 1914 1296 1948 P
1361 1917 1401 1949 12
1417 1914 1479 1949 ad-

131 1971 239 1996 uerso
263 1961 298 1994 P
321 1972 412 1996 corr.
434 1961 634 1996 Accursz'us
662 1962 666 2004 l
703 1961 748 1995 ad
778 1972 907 2005 agrum
934 1974 1056 1996 meum
1083 1971 1280 2005 meumque
1307 1961 1344 1995 P

227 2019 310 2054 XVI
346 2024 362 2054 1
392 2031 569 2063 (mycoeyc
595 2021 665 2064 xm
693 2020 728 2053 P
799 2024 818 2053 2
847 2031 1001 2054 comune
1026 2020 1085 2060 Pl
1114 2019 1299 2064 mapalale
1329 2021 1365 2054 P
1388 2031 1478 2055 corr.

130 2067 320 2102 Amantius
354 2067 359 2111 Ι
394 2067 493 2101 dirus
520 2068 573 2102 1³⁸
598 2067 694 2101 diuis
728 2067 917 2112 quletus,
943 2078 1033 2102 corr.
1061 2067 1250 2102 Amantius
1340 2071 1360 2102 3
1388 2080 1477 2101 nun-

130 2114 242 2159 tium]
267 2125 365 2149 nunc
383 2115 418 2148 P
438 2116 443 2157 l
466 2113 632 2148 redditus
651 2114 685 2147 1¹
757 2118 778 2147 4
797 2115 942 2158 patrem
960 2118 1040 2158 post
1060 2116 1218 2148 matrem
1238 2115 1322 2149 add.
1338 2114 1480 2158 Peiper,

131 2173 197 2196 om.
220 2162 257 2196 P
279 2162 358 2206 ipse
379 2161 546 2196 Minerua
572 2162 593 2196 i.
615 2173 648 2195 u.
671 2163 814 2206 patrem
842 2161 1034 2205 cognoscit
1060 2161 1227 2206 Vyoletus
1295 2166 1314 2196 5
1335 2162 1477 2207 autem]

131 2213 196 2243 aut
222 2209 259 2243 P
352 2213 371 2243 6
398 2209 435 2242 in
462 2220 527 2243 om.
552 2209 600 2242 Pa
697 2211 717 2242 8
745 2208 937 2242 descendit
961 2208 998 2242 P
1020 2219 1111 2243 corr.
1133 2209 1322 2243 Amantius

225 2267 327 2302 XVII
362 2272 379 2302 1
407 2279 566 2302 Epireffla
590 2267 650 2311 Pl
685 2264 808 2312 ῥὀδο·]
836 2277 922 2301 νοω]
944 2266 980 2301 P
1005 2266 1010 2312 Ι
1045 2278 1110 2301 Hoc
1131 2266 1167 2300 P
1235 2271 1254 2301 2
1281 2267 1416 2302 titonia
1445 2266 1480 2300 P

131 2325 221 2350 corr.
250 2315 439 2350 Auantius
