1563 2511
671 63 992 105 —258-

157 170 226 213 Sic
258 170 452 225 geminas
485 169 654 210 alierna
684 171 802 211 rotat
831 168 1000 224 uertigo
1032 168 1253 220 tenebras,

156 228 224 271 Sic
257 229 380 270 alias:
415 230 618 283 totusque
649 228 756 269 mihi
789 228 850 269 sic
883 242 1019 270 annus
1051 227 1207 280 abibit,

154 287 406 329 Restiisuant
437 287 570 328 donec
601 288 677 328 †‚ua
708 301 776 328 me
807 286 889 328 tibi
919 286 1010 328 fata
1041 289 1278 342 parenssem.
1458 293 1502 325 20

155 345 250 388 Hac
283 359 363 401 ego
396 345 642 387 condicione
673 345 774 387 licet
805 346 875 386 uel
907 348 1043 387 morte
1076 345 1291 400 paciscar,

156 405 271 447 Dum
302 405 475 447 decores
509 419 709 458 suprema
740 405 877 459 patris
908 406 978 458 bu,
1008 407 1127 458 nate,
1159 404 1389 456 superstes.

84 534 161 558 XXI
182 534 242 564 [323
267 533 367 566 Edyu.
379 534 413 565 v]

319 577 690 614 GENETHLIACOS
717 577 782 612 AD
810 577 1065 613 AVSONIVM
1091 576 1336 612 NEPOTEM.

410 674 636 705 AVSONIVS
663 673 782 704 AVVS
831 673 1031 704 AVSONIO
1058 673 1245 704 NEPOTI.

156 732 359 775 Carmina
389 733 530 788 prima
560 733 644 774 tibi
676 747 773 774 cum
804 732 890 774 iam
922 732 1158 787 puerilibus
1193 733 1315 775 annis

155 792 363 833 Tradereb
393 792 559 833 adsidui
590 791 856 845 permulcens
890 805 991 832 cura
1021 791 1220 846 magistri

154 850 440 905 Inbueretque
476 864 613 892 nouas
647 864 770 891 aures
804 863 1037 904 sensusque
1071 863 1290 905 sequaces,

155 908 217 950 Vb
248 908 569 963 respondendas
603 908 733 950 docili
765 922 932 963 quoque
965 923 1181 950 murmure
1213 923 1340 952 uoces

155 967 397 1009 Emendata
428 968 522 1009 rudi
554 967 765 1022 perferret
797 967 947 1022 lingua
977 967 1143 1021 palam,
1482 980 1502 1011 5

154 1026 408 1068 Addidimus
440 1027 502 1068 nil
534 1027 660 1068 triste
693 1041 834 1077 senes,
866 1040 919 1067 ne
952 1040 1054 1068 cura
1085 1027 1286 1068 monendi

154 1084 364 1127 Laederet
397 1088 472 1127 aut
504 1085 649 1127 dulces
682 1087 834 1140 gustus
867 1085 1042 1126 uitiareb
1074 1085 1241 1127 amaris.

159 1144 216 1186 At
247 1144 391 1198 modo,
423 1159 519 1186 cum
551 1146 672 1186 motu
702 1144 851 1199 uigeas
882 1144 969 1185 iam
1002 1144 1175 1198 puberis
1208 1145 1302 1187 aeui

155 1202 386 1257 Fortiaque
420 1218 445 1244 a
476 1204 634 1244 teneris
666 1203 806 1257 possis
840 1217 1057 1244 secernere
1091 1205 1133 1244 et
1164 1203 1258 1257 ipse

156 1261 413 1304 Admonitor
444 1276 695 1317 morumque
726 1261 807 1303 tibi
838 1261 1042 1316 fandique
1074 1261 1225 1316 uideri,
1460 1274 1502 1305 10

155 1321 314 1375 Accipe
346 1335 434 1362 non
465 1322 698 1375 praecepta
730 1321 943 1375 equidem,
976 1323 1042 1362 set
1072 1324 1174 1362 uota
1205 1321 1423 1375 precantis

153 1379 212 1421 Et
244 1380 456 1435 gratantis
491 1380 561 1421 aui
591 1379 751 1421 festum
783 1379 836 1420 ad
869 1379 1077 1421 sollemne
1109 1380 1291 1434 nepotis.

156 1497 340 1551 Adnuit,
370 1499 418 1538 ut
450 1497 647 1539 reducem
678 1497 869 1539 faborum
902 1498 956 1538 ab
989 1498 1071 1538 fine
1104 1500 1320 1539 senectam

155 1555 311 1610 Sospes
345 1570 471 1611 agam
503 1556 745 1610 festumque
778 1556 890 1597 diem
925 1556 1203 1611 dubitataque
1237 1571 1407 1598 cernam

252 1664 293 1695 19
320 1660 408 1695 mici
441 1660 475 1694 V
545 1664 587 1695 21
615 1660 685 1694 hac
714 1660 794 1695 Toll
828 1661 896 1695 hec
927 1660 961 1694 V
992 1661 1074 1707 (hec
1108 1659 1168 1705 V2)
1267 1663 1309 1695 22
1337 1660 1503 1706 decores:

155 1720 170 1742 s
197 1718 298 1743 eraso
324 1711 364 1743 ut
390 1708 486 1751 uid„
514 1718 532 1742 e
559 1718 603 1743 ex
628 1712 674 1742 a?
701 1708 747 1742 αῖ.
785 1707 817 1739 V

51 1769 132 1802 ΥΡ
248 1766 333 1801 ΧΧΙ
359 1779 528 1801 Avsomvs
556 1767 602 1810 (A
622 1777 665 1801 ex
686 1765 708 1800 S
736 1766 794 1808 V‘)
821 1778 910 1801 Avvs
933 1793 939 1801 .
964 1778 1113 1801 Avsomo
1139 1778 1264 1800 marom
1290 1766 1324 1801 V
1367 1766 1504 1812 Incipit

155 1814 319 1849 eiusdem
346 1814 481 1848 decimi
506 1814 632 1857 magni
651 1813 805 1848 Ausonii
831 1813 1094 1848 Genethliacos
1121 1813 1168 1848 ad
1188 1809 1293 1849 etiem
1316 1814 1394 1859 (leq.
1416 1825 1502 1849 eun-

155 1861 253 1904 dem)
280 1860 483 1895 Ausonium
509 1861 682 1906 nepotem
699 1860 735 1894 P
808 1864 825 1894 1
854 1860 957 1905 pmia
973 1861 1008 1895 P
1028 1862 1033 1905 Ι
1055 1860 1194 1895 assidui
1220 1860 1506 1906 permulgensP

207 1936 226 1966 3
254 1917 423 1966 iniuereb
455 1931 512 1976 V}
535 1932 640 1966 nobis
668 1931 702 1965 V
795 1935 816 1965 4
842 1931 951 1966 boces
986 1931 1032 1965 V¹
1130 1936 1150 1966 5
1175 1930 1371 1977 perferret]
1397 1931 1501 1979 pfer-

154 1980 211 2013 refi
236 1979 273 2023 (i.
301 1978 495 2023 perferret)
528 1978 562 2013 V
654 1982 674 2013 6
700 1979 762 2024 ne]
789 1982 813 2012 ᾖ
833 1978 890 2021 ΡΙ
919 1979 1094 2013 monendi
1113 1979 1304 2014 Auantius
1329 1977 1503 2013 mobendi

162 2025 208 2060 Vl
246 2025 421 2060 mouendi
449 2025 486 2059 P
582 2030 600 2060 7
627 2026 751 2061 ledere
780 2025 816 2059 P
847 2026 852 2070 Ι
893 2025 1011 2060 dulcis
1042 2025 1118 2060 VP
1210 2030 1230 2061 8
1257 2025 1304 2060 ad
1338 2025 1384 2059 V¹
1418 2027 1423 2068 Ι
1463 2026 1504 2060 at

154 2072 281 2118 modo]
309 2072 433 2107 animo
462 2072 499 2106 P
522 2073 660 2117 (animo
690 2073 754 2117 ΡΒ)
852 2076 871 2107 9
899 2073 1104 2119 secernere]
1132 2083 1355 2120 quecernere
1389 2072 1424 2106 V

157 2147 197 2177 11
226 2127 425 2190 praecepti}
451 2143 601 2198 quidem
628 2143 662 2178 V
684 2144 885 2188 praecepta
909 2143 1058 2187 quidem
1081 2143 1117 2176 P
1137 2144 1141 2186 Ι
1164 2143 1235 2188 set]
1270 2143 1301 2178 V
1322 2146 1326 2188 Ι
1348 2153 1502 2190 precan-

153 2203 202 2238 tis
236 2203 270 2238 V
367 2206 408 2237 12
436 2202 593 2246 gratatis
626 2202 681 2246 Vl
705 2202 767 2236 abi
797 2201 852 2243 V!
883 2202 1087 2246 sollempne
1115 2202 1173 2245 Pl
1196 2202 1370 2238 eaecidisse
1394 2213 1500 2247 quae·

154 2251 238 2285 dam
264 2251 361 2285 uidit
390 2250 530 2284 Tollius
620 2253 661 2284 13
690 2249 821 2283 adnuit
854 2249 886 2283 V
909 2249 1039 2283 annuit
1064 2249 1100 2283 P
1121 2249 1275 2284 adnuito
1302 2248 1465 2294 Scaliyer
1494 2250 1496 2271 s

154 2296 217 2342 ab]
244 2297 291 2331 ad
325 2297 357 2331 V
454 2300 496 2331 14
524 2297 638 2342 diem]
665 2296 737 2331 dici
761 2296 797 2330 P
