1563 2511
600 58 918 99 *278—

91 162 307 211 Quantum
342 162 613 204 oblectamen
643 162 813 218 populi,
846 177 954 216 quae
985 166 1088 204 uota
1120 164 1331 206 bonorum

91 220 272 275 Sperato
303 220 502 262 fraudata
533 222 676 263 bono?
710 221 929 277 gratantia
962 222 1102 263 cuncti

90 279 238 321 Verba
270 279 568 333 loquebantur.
617 281 703 322 iam
735 280 912 322 nomina
942 283 1092 322 nostra
1124 282 1339 335 parabant
1394 292 1439 323 40

90 338 284 379 Inserere
316 338 504 393 antiquis
537 339 633 380 aeui
664 339 853 380 melioris
886 339 1047 381 amicis.

92 395 283 438 Cedebat
314 396 514 451 Pylades,
545 397 728 452 Phrygii
761 411 928 452 quoque
962 398 1099 452 gloria
1129 398 1226 440 Nisi

89 455 183 496 Iam
214 456 354 496 minor
386 457 428 496 et
458 457 672 510 promissa
705 456 854 498 obiens
886 456 1133 498 uadimonia
1163 456 1347 500 Damon.

89 513 180 555 Nos
212 514 469 556 documenta
500 515 639 570 magis
670 514 830 568 felicia,
867 515 1011 569 qualia
1043 529 1225 570 magnus

91 571 233 626 Scipio
266 573 551 628 longaeuique
583 573 699 615 dedit
731 573 943 628 sapientia
973 573 1109 615 Laeli:
1393 585 1438 616 45

90 630 182 672 Nos
216 631 368 672 studiis
403 632 640 687 animisque
671 632 806 673 isdem
839 632 1048 673 miracula
1080 634 1260 683 cunctis,

89 688 184 731 Hoc
215 690 396 744 maiora,
427 705 553 744 pares
585 691 745 731 fuimus
780 691 892 744 quod
924 691 1094 745 dispare
1126 692 1171 732 in
1204 706 1323 733 aeuo.

90 747 218 789 Ocius
253 748 330 790 illa
361 749 452 803 iugi
484 749 631 790 fatalis
665 749 830 790 soluere
861 749 954 790 lora

88 806 306 848 Pellaeum
337 807 530 861 potuisse
562 807 711 849 ducem
743 822 857 859 reor,
891 807 1038 849 abdita
1070 809 1230 862 opertis

88 864 316 919 Principiis
351 868 393 906 et
424 868 606 920 utroque
640 868 767 920 caput
799 866 984 907 celantia
1014 867 1141 909 nodo.
1395 878 1440 909 50

90 922 262 965 Grande
295 924 469 979 aliquod
500 925 680 966 uerbum
712 925 913 966 nimirum
946 925 1148 979 diximus,
1179 928 1227 967 ut
1259 941 1302 968 se

88 982 272 1023 Inferret
301 983 447 1025 nimiis
478 983 636 1025 uindex
667 983 938 1025 Rhamnusia
969 984 1102 1038 uotis3

89 1041 324 1082 Arsacidae
357 1044 405 1082 ut
437 1042 652 1097 quondam
683 1042 798 1097 regis
831 1057 918 1084 non
949 1043 1063 1084 laeta
1093 1043 1326 1098 triumphis

90 1099 279 1141 Grandia
310 1101 444 1142 uerba
475 1115 673 1155 premens
705 1102 837 1142 ultrix
869 1102 948 1142 dea
979 1101 1146 1144 Medica
1180 1102 1279 1143 belli

91 1157 251 1199 Sistere
284 1157 569 1213 Cecropidum
601 1160 648 1201 in
678 1160 806 1201 terris
839 1163 1116 1202 monumenta
1148 1161 1318 1215 paranti
1394 1172 1439 1203 55

90 1216 272 1258 Obstitit
303 1220 345 1259 et
377 1217 507 1259 Graio
540 1219 628 1260 iam
658 1219 744 1260 iam
775 1219 947 1273 figenda
978 1222 1154 1274 tropaeo

87 1274 215 1317 Vltro
250 1276 381 1317 etiam
413 1276 540 1318 uictis
573 1277 770 1320 Nemesis
804 1278 927 1319 stetit
956 1277 1104 1320 Attica
1135 1278 1290 1320 Persis.

89 1332 205 1382 Quae
238 1334 319 1376 tibi
351 1334 603 1378 Romulidas
636 1351 832 1390 proceres
864 1351 1021 1378 uexare
1053 1336 1186 1379 libido
1221 1337 1314 1379 est‘?

87 1391 138 1433 In
169 1391 318 1434 Medos
351 1393 604 1449 Arabasque
635 1398 733 1436 tuos
765 1409 841 1449 per
872 1396 1020 1436 nubila
1052 1399 1093 1437 et
1126 1398 1269 1437 atrum

86 1450 224 1506 Perge
257 1451 404 1493 chaos:
437 1452 634 1495 Romana
664 1454 815 1508 procul
846 1454 927 1495 tibi
958 1455 1135 1496 nomina
1167 1458 1304 1496 sunto.
1395 1467 1439 1497 60

87 1508 181 1551 Illic
215 1524 372 1564 quaere
406 1512 514 1553 alios
548 1515 852 1567 oppugnatura
885 1513 1072 1568 sodales,

88 1567 220 1610 Liuor
251 1569 327 1610 ubi
358 1569 441 1611 iste
472 1573 571 1612 tuus
605 1571 982 1626 ferrugineumque
1013 1586 1225 1613 uenenum

182 1711 345 1743 38—122
374 1718 440 1743 om.
469 1710 490 1754 β
573 1714 618 1745 38
643 1710 788 1756 populi]
815 1711 866 1755 13⁸5
894 1710 931 1744 P
1008 1713 1052 1744 39
1079 1711 1228 1755 sperata
1260 1710 1318 1754 V!
1341 1711 1440 1746 cucti

96 1753 129 1788 V
223 1759 268 1790 40
294 1754 517 1799 loquebatur
550 1756 584 1791 V
677 1761 720 1791 41
749 1757 849 1803 aeui]
877 1757 935 1792 cui
961 1759 995 1801 (c
1016 1775 1060 1786 =
1081 1760 1113 1801 e)
1139 1757 1176 1792 P
1196 1760 1199 1800 Ι
1222 1757 1335 1793 amici
1361 1758 1395 1792 V

85 1804 130 1835 42
157 1801 301 1845 pilades
334 1802 369 1836 V
390 1803 545 1848 plyades
570 1803 607 1837 P
630 1805 635 1848 1
665 1804 807 1849 phrigii
833 1817 856 1838 α
885 1806 888 1848 Ι
916 1804 1005 1851 nisi]
1034 1805 1104 1840 nis.
1138 1804 1172 1838 V
1266 1808 1311 1839 44
1338 1805 1440 1840 doci-

88 1849 216 1882 menta
241 1861 265 1882 α
287 1849 367 1894 (ΡΒ)
441 1854 486 1885 45
512 1851 665 1896 longebi
691 1851 738 1886 V1
760 1855 764 1895 1
786 1851 903 1887 Laelii
924 1853 1131 1895 Amantius,
1156 1850 1233 1899 lebi
1259 1851 1294 1886 V
1316 1852 1386 1887 celi
1406 1852 1445 1887 P

134 1922 178 1952 46
200 1904 340 1954 animis
367 1920 395 1964 (i
415 1925 499 1956 ante
519 1932 535 1954 s
559 1922 601 1956 in
625 1932 697 1956 ras.
722 1932 790 1966 pro
810 1922 877 1964 is?‚
905 1934 928 1956 v
947 1933 990 1957 ss.
1012 1922 1120 1967 pr.?)
1148 1922 1206 1966 Vl
1236 1921 1381 1958 hisdem
1404 1923 1441 1957 P

89 1966 93 2009 ξ
123 1966 239 1999 cuctis
272 1965 306 1999 V
399 1971 444 2002 47
477 1968 616 2003 maiore
651 1969 685 2002 V
779 1972 819 2003 51
856 1969 1025 2004 duximus
1052 1983 1076 2003 α
1108 1979 1197 2004 corr.
1225 1969 1346 2005 Paris.
1370 1971 1440 2014 lut

86 2012 140 2057 se]
167 2012 238 2047 iste
267 2012 303 2046 P
398 2017 442 2048 52
469 2015 578 2050 iudex
606 2015 642 2049 P
738 2018 781 2050 53
807 2016 966 2050 triumfis
1000 2016 1034 2049 V
1128 2020 1173 2050 54
1198 2016 1340 2061 pmiens
1368 2017 1405 2051 P
1433 2017 1436 2059 Ι

87 2058 156 2094 dea
180 2059 327 2096 medica
360 2060 394 2095 V
429 2061 640 2097 dementica
667 2062 704 2096 P
798 2066 842 2096 55
869 2062 1104 2107 cecrepidum
1130 2063 1167 2097 P
1191 2064 1195 2107 Ι
1229 2064 1375 2107 parenti
1407 2064 1443 2098 V

85 2107 219 2150 parent
244 2106 281 2141 P
301 2117 392 2144 corr.
421 2107 544 2144 Paris.
636 2113 680 2143 56
708 2109 881 2154 fingenda
909 2110 945 2144 P
1035 2114 1078 2144 57
1106 2121 1172 2145 om.
1201 2110 1238 2144 P
1309 2115 1354 2145 58
1379 2121 1438 2145 ro-

86 2153 245 2188 molidas
274 2153 311 2188 P
405 2158 450 2189 59
476 2154 620 2191 medios
646 2156 683 2190 P
713 2159 717 2200 1
759 2157 890 2192 orabas
922 2156 956 2191 V
985 2159 990 2200 1
1031 2158 1069 2191 et
1101 2159 1221 2191 atrum
1247 2158 1440 2193 Auantius

151 2208 171 2226 Ι]

87 2237 124 2270 et
149 2236 288 2283 [rtrum]
317 2238 354 2281 (p
380 2238 486 2282 eras.)
519 2238 554 2273 V
589 2238 771 2274 canitrum
811 2240 891 2282 (om.
920 2240 967 2279 et)
1000 2237 1037 2272 P
1130 2242 1174 2274 60
1211 2250 1325 2285 parge
1360 2239 1397 2274 P
1430 2241 1434 2286 Ι

87 2292 171 2317 caos
206 2283 239 2317 V
262 2283 385 2319 chacis
413 2285 449 2318 P
545 2289 587 2320 62
616 2286 711 2321 libor
744 2286 789 2319 V¹
819 2288 824 2329 1
856 2286 1117 2329 ferrugcnnum
1144 2285 1181 2319 P
