1563 2511
631 42 954 84 ——250—

120 151 303 206 epistula
335 152 498 204 uetere,
530 163 656 203 quam
686 148 737 190 de
764 148 918 190 ostreis
947 150 989 189 et
1014 147 1220 189 musculis
1249 146 1464 188 adfectata

120 209 379 252 obscuritate
412 207 702 262 condideram,
735 221 843 262 quae
877 207 1123 248 adulescens
1156 209 1315 248 temere
1347 205 1464 246 fude-

118 284 229 324 ram,
274 269 360 310 iam
400 267 542 308 senior
579 266 823 308 retractaui.
887 268 951 307 set
988 266 1032 307 in
1073 265 1251 307 eundem
1290 264 1465 306 modum

118 328 362 369 instaurata
394 328 459 367 est
491 326 665 368 satirica
697 328 740 367 et
770 325 950 366 ridicula
982 324 1270 366 concinnatio:
1308 323 1463 365 saltem

118 389 166 428 ut
196 400 308 428 nunc
339 385 597 439 respondeas
634 384 897 426 nouissimae
937 384 1192 436 cantilenae,
1234 383 1306 437 qui
1344 382 1464 423 illam

118 445 333 487 nouiciam
366 444 539 485 silentio
573 443 878 485 condemnasti.

120 527 272 570 Ostrea
303 526 481 568 Baianis
514 526 741 579 certantia,
775 540 884 580 quae
916 524 1186 566 Medulorum

119 586 327 628 Dulcibus
360 586 405 626 in
438 585 604 640 stagnis
636 584 756 626 reflui
789 584 917 625 maris
952 589 1094 625 aestus
1127 584 1307 638 opimat,

119 646 297 700 Accepi,
330 645 485 686 dilecte
517 644 686 697 Theon,
721 642 984 684 numerabile
1016 657 1181 683 munus.

118 704 282 746 Verum
315 705 419 757 quot
451 703 630 756 fuerint,
663 702 857 743 subiecta
888 701 1159 742 monosticha
1191 701 1382 755 signant:

119 798 234 848 Quot
265 800 332 838 ter
363 797 550 838 luctatus
584 810 678 837 cum
711 795 867 849 pollice
900 796 1122 848 computat
1152 794 1295 848 index3
1445 804 1465 836 5

120 857 338 912 Geryones
371 857 476 909 quot
509 857 649 905 erant,
683 854 821 895 decies
854 853 890 895 si
923 853 1280 907 multiplicentur-3

119 916 202 957 Ter
234 918 338 970 quot
371 916 491 956 erant
522 913 701 968 Phrygii
732 915 959 954 numerata
991 911 1196 954 decennia
1227 911 1348 965 belli,

118 975 208 1016 Aut
239 975 321 1015 iter
353 976 400 1014 ut
432 972 560 1014 solidi
592 972 752 1014 mensis
785 974 902 1013 tenet
933 971 1172 1025 ignicomus
1207 969 1298 1025 Sol3

119 1033 332 1075 Cornibus
366 1047 390 1073 a
421 1032 573 1086 primis
607 1034 712 1086 quot
742 1031 875 1072 habet
906 1043 1019 1085 uaga
1051 1029 1238 1084 Cynthia
1269 1032 1437 1083 noctes,

120 1092 299 1147 Singula
330 1090 541 1145 percurrit
573 1090 703 1131 Titan
737 1094 842 1144 quot
876 1091 999 1144 signa
1032 1089 1182 1130 diebus
1424 1099 1466 1130 10

120 1151 318 1205 Quotque
351 1150 473 1191 annis
509 1149 705 1191 sublimis
739 1149 831 1202 agit
864 1163 941 1190 sua
973 1148 1144 1189 saecula
1175 1147 1398 1201 Phaenon3

120 1210 234 1259 Quot
264 1223 440 1250 numero
474 1223 685 1250 annorum
718 1207 910 1250 Vestalis
942 1207 1067 1261 uirgo
1100 1206 1319 1248 ministrat

118 1269 444 1323 Dardaniusque
477 1282 609 1321 nepos
642 1281 774 1321 regno
808 1268 913 1320 quot
943 1265 1126 1321 protulit
1159 1279 1312 1318 annos,

117 1328 359 1369 Priamidae
392 1329 496 1380 quot
528 1330 668 1379 erant,
701 1326 737 1366 si
771 1325 835 1366 bis
870 1325 967 1366 deni
999 1324 1289 1377 retrahantur3

117 1387 277 1440 Bisque
304 1387 421 1427 uiros
447 1399 664 1438 numeres,
694 1385 766 1439 qui
791 1385 883 1425 fata
909 1382 1172 1437 Amphrysia
1198 1385 1389 1436 seruant3
1425 1392 1466 1424 15

119 1445 233 1495 Quot
265 1445 416 1500 genuit
447 1444 560 1486 fetus
594 1445 763 1485 Albana
798 1444 876 1484 sub
910 1442 1078 1483 ilicibus
1112 1456 1182 1483 sus

214 1561 281 1596 XV
309 1565 351 1594 13
378 1560 518 1603 Vergil.
544 1560 576 1593 A
603 1559 619 1592 Ι
644 1563 711 1593 267
735 1570 812 1602 sqq.
841 1558 885 1592 cf.
912 1557 998 1592 VIII
1024 1561 1067 1591 47
1091 1569 1169 1601 sqq.

216 1612 259 1642 14
286 1607 426 1651 Vergil.
454 1606 486 1639 A
512 1606 544 1639 II
572 1609 638 1640 503

216 1659 258 1689 15
285 1654 425 1698 Vergil.
453 1654 484 1686 A
510 1652 559 1687 VI
588 1656 655 1687 398
686 1651 910 1697 Amphrysia
935 1654 1052 1686 uates.

216 1706 258 1736 16
286 1700 424 1745 Vergil.
450 1702 481 1734 A
502 1699 553 1733 III
574 1703 641 1734 390
657 1711 708 1743 sq.
737 1699 821 1732 VIII
842 1703 886 1732 43
909 1710 962 1741 sq.
991 1697 1133 1732 litoreis
1160 1697 1289 1742 ingens
1315 1697 1468 1733 inuenta

119 1749 186 1784 sub
213 1748 361 1783 ilicibus
389 1759 449 1782 sus
478 1747 634 1791 triginta
660 1746 825 1790 capitum
852 1746 949 1779 fetus
976 1744 1084 1779 enixa
1108 1745 1248 1779 iacebit

214 1870 234 1900 5
260 1868 425 1900 ueterem
450 1865 497 1899 Vl
520 1864 524 1909 Ι
547 1863 721 1920 affectata
746 1862 779 1896 V
847 1866 866 1896 6
894 1828 1057 1897 ceslii-am
1091 1862 1125 1897 V
1221 1866 1239 1896 7
1266 1861 1468 1897 retractabi

127 1925 171 1959 V¹
213 1926 217 1969 1
259 1924 403 1960 euidem
439 1924 484 1957 1³¹
525 1923 671 1968 (eudem
703 1921 764 1966 V2)
863 1925 882 1955 9
910 1920 1135 1956 nouissimae
1161 1920 1293 1964 Sabis,
1320 1919 1466 1955 notissi-

119 1983 200 2007 mae
222 1971 254 2006 V
280 1973 292 2015 ΙΙ
326 1976 343 2006 1
371 1972 521 2006 hosti-ea
543 1971 575 2004 V
645 1974 665 2004 3
691 1971 778 2003 teon
800 1969 833 2002 V
903 1972 1019 2003 4-18
1047 1968 1144 2011 quod
1169 1968 1301 2012 ubique
1323 1971 1468 2012 praeter

118 2031 154 2054 u.
181 2022 228 2054 17
261 2019 295 2053 V
365 2023 386 2053 4
413 2017 619 2053 monostica
651 2016 685 2051 V
715 2017 720 2060 Ι
756 2016 903 2059 signent
929 2016 1107 2050 Heinsius
1187 2019 1206 2049 6
1233 2015 1403 2060 geriones
1438 2015 1472 2048 V

170 2083 188 2113 τ
216 2066 296 2112 era-'it
330 2077 387 2121 Vl
409 2077 521 2122 prigii
555 2076 588 2109 V
681 2078 701 2109 8
729 2074 800 2109 iter
826 2076 867 2109 ut
894 2074 1003 2109 solidi
1030 2074 1224 2129 Heinsius,
1260 2076 1314 2108 ter
1340 2074 1382 2108 ut
1408 2084 1466 2108 eo-

119 2137 185 2171 lidi
218 2137 252 2171 V
346 2140 365 2170 9
395 2137 480 2170 abr—t
505 2136 602 2180 baga
636 2133 680 2167 V¹
705 2134 709 2179 l
733 2134 846 2168 cintia
880 2133 914 2166 V
1010 2136 1051 2166 10
1078 2132 1147 2167 tite
1178 2132 1212 2166 V
1307 2136 1346 2166 11
1377 2132 1467 2167 scl'a

127 2184 160 2218 V
189 2186 193 2228 l
228 2183 402 2218 Phacnon
437 2183 598 2227 Scalisser
636 2181 751 2226 ffgton
786 2181 818 2213 Γ
854 2181 929 2223 (alt.
958 2180 975 2213 f
1004 2181 1049 2214 nl.
1077 2181 1137 2223 ss.)
1240 2183 1281 2213 14
1314 2179 1370 2213 uis
1403 2179 1431 2213 V
1460 2180 1463 2220 j

119 2232 332 2313 {Jffipgapltnr
365 2231 397 2264 V
495 2234 536 2264 15
563 2229 628 2263 Vis
664 2229 697 2263 V
728 2231 731 2272 Ι
774 2227 975 2273 amphrisia
1009 2227 1040 2260 V
1066 2229 1102 2271 (p
1130 2238 1173 2261 ea)
1198 2226 1254 2269 1⁰2²)
1287 2226 1321 2260 V
1349 2228 1353 2270 Ι
1394 2237 1466 2261 ser-

1491 157 1510 190 5

1492 450 1535 483 10
