1563 2511
492 110 540 114 -
605 98 772 126 XXVIIII
840 110 886 114 —-

99 194 133 234 1.
166 193 245 233 cod.
281 191 599 233 Vindobonensis
623 192 783 244 3261«oe
809 193 891 232 335
921 191 1054 232 chart.
1083 208 1115 234 s.
1140 190 1241 232 XVI
1264 211 1316 224 =
1338 205 1360 231 z·

168 251 213 291 in
247 249 361 291 Prof.
386 249 477 290 XX.

97 312 134 351 2.
167 309 413 361 Hieronymi
449 308 652 349 Aleandrz'
689 307 1003 361 apographum,
1043 323 1124 362 quo
1164 323 1264 349 usus
1299 311 1363 350 est

166 367 456 420 Mariangelus
477 364 748 420 Accursz'zcsss)
770 367 814 407 in
828 365 1037 407 Diatribis
1059 367 1184 407 editis
1203 367 1362 408 Romae

170 427 293 468 1524.
320 426 594 478 Accursiique
615 425 809 478 inpresso
825 426 1070 479 exemplari,
1089 440 1176 466 non
1192 427 1363 479 scriptis

168 485 302 539 copiis
335 499 435 525 usus
469 486 533 525 est
564 483 760 526 vinetus.

98 546 136 585 3.
170 558 218 584 ex
270 543 473 584 Aleandri
525 542 691 583 schedis
742 542 883 583 nescio
937 543 1030 596 quis
1080 543 1123 583 in
1166 542 1365 584 Iuntina&

168 603 372 654 exemplar
405 601 507 642 olim
540 601 801 653 Romanum,
841 602 953 655 quod
984 601 1178 656 possidet
1211 600 1365 643 Schen-

169 661 319 713 kelius,
346 660 553 714 quaedam
582 674 631 700 ex
654 659 982 700 Sannazarianis
1008 660 1242 701 transtulit.
1280 661 1365 702 uid.

171 718 368 760 Schenkl.
395 734 434 772 p.
461 717 635 759 XXXV.
757 739 811 751 =
838 732 858 759 S
889 719 933 759 in
965 718 1081 760 Prof.
1107 718 1199 760 XX.

111 777 396 819 Sannazarius
435 791 507 831 „ex
545 778 627 818 alio
664 778 793 818 codice
830 777 1097 830 bybliothecae
1135 779 1181 818 in
1212 777 1368 819 Araris

24 836 186 879 iusum<
224 837 449 890 descripsit
486 850 549 889 ep.
580 836 608 876 4
642 834 735 890 (75)
777 835 826 876 de
858 835 1073 889 Eunomo,
1112 836 1224 890 quod
1257 840 1305 878 ut
1344 852 1367 878 a

27 898 145 937 textu
189 895 428 948 Vossiano,
472 895 533 935 ita
579 909 602 935 a
645 894 687 934 Z
730 895 889 936 recedit
940 893 1139 950 (schedae
1190 894 1368 937 Sannaz.

25 954 213 996 vindob.
247 954 357 995 3261
382 953 410 994 f.
443 953 544 1008 261).
602 953 746 994 nescio
781 968 832 993 an
869 969 916 994 ex
951 954 1097 994 eodem
1130 953 1249 995 fonte
1283 969 1366 995 ma-

28 1013 226 1054 nauerint
266 1013 348 1052 alia
393 1026 498 1065 quae
542 1011 585 1052 in
631 1012 720 1052 eius
766 1013 974 1064 excerptis
1018 1013 1221 1067 leguntur
1266 1012 1368 1068 (uid.

27 1072 196 1113 Ueberl.
223 1071 308 1112 349
341 1074 429 1112 not.
456 1070 560 1125 250>
594 1070 713 1110 uelut
739 1070 830 1111 Ecl.
854 1071 903 1111 17
924 1069 1048 1126 (382)
1079 1071 1368 1125 „Principium

25 1130 118 1171 Iani
154 1130 231 1159 —“
263 1129 393 1184 (quod
420 1144 594 1183 prorsus
622 1129 744 1169 abest
771 1144 795 1170 a
820 1129 941 1170 libris
961 1127 1032 1183 Ζ),
1061 1130 1369 1184 „Epitaphium

28 1188 268 1242 Arclielai“‚
294 1188 405 1241 quod
431 1187 710 1241 inscriptione
738 1188 896 1228 omissa
924 1189 1051 1229 etiam
1072 1189 1116 1229 in
1137 1189 1226 1231 cod.
1246 1189 1369 1230 Pari-

28 1249 117 1290 sino
143 1249 260 1289 2832
290 1247 450 1300 legitur
475 1246 504 1287 f.
533 1247 632 1287 122Γ
658 1249 699 1286 et
724 1251 744 1268 ¹²
764 1245 844 1301 Ἠ),
878 1247 949 1300 qui
976 1247 1078 1288 olim
1113 1250 1203 1289 erat
1234 1248 1370 1289 biblio-

29 1307 160 1347 thecae
191 1306 233 1347 S.
263 1305 455 1358 Auyemlc‘
487 1303 567 1360 (St.
595 1304 736 1360 Oyan)
770 1305 813 1345 in
845 1304 945 1347 Iura
980 1309 1126 1347 monte
1160 1306 1219 1361 (S.
1247 1305 1370 1348 Clau-

32 1365 89 1406 dii
122 1364 374 1406 coenobium
414 1367 563 1417 postea
601 1362 762 1404 dictum
801 1363 901 1418 est),
941 1365 1061 1405 cuius
1102 1365 1146 1406 in
1186 1365 1370 1419 catalogi

29 1424 236 1478 relliquiis
265 1438 295 1463 s.
321 1422 382 1463 XI
409 1422 636 1476 compositi
663 1420 786 1477 (quas
819 1423 950 1463 edidit
971 1423 1166 1464 LDelisle
1189 1423 1372 1466 Cabinet

30 1482 93 1523 ΙΙΙ
126 1481 230 1537 385)
269 1496 493 1522 numerum
532 1481 664 1522 habet
696 1481 768 1535 863
807 1482 917 1522 unde
957 1483 1028 1536 qui
1064 1483 1124 1523 ibi
1155 1483 1372 1536 praecedit

32 1541 161 1582 codex

122 1622 180 1653 „n.
208 1608 391 1654 LXXXV]
415 1635 542 1643 .....
563 1608 649 1642 libri
676 1609 879 1643 carminum
905 1608 1059 1644 Ausonii
1085 1609 1269 1644 consulis“

34 1670 134 1724 quin
166 1669 295 1710 fuerit
327 1684 421 1710 cum
448 1669 664 1710 Vossiano
694 1670 806 1711 libro
840 1673 1048 1724 cognatus
1075 1671 1168 1724 quis
1197 1671 1373 1725 dubitet,

126 1798 159 1841 ss)
186 1798 231 1831 de
262 1796 430 1831 Accursii
463 1796 541 1830 uita
575 1798 612 1831 et
644 1796 790 1840 scriptis
816 1795 892 1830 uid.
921 1796 1101 1831 Aemilius
1133 1798 1306 1832 Huebner
1337 1798 1373 1832 in

37 1845 111 1879 CIL
139 1844 172 1878 Π
203 1857 236 1888 p.
264 1843 350 1886 VII,
383 1843 587 1878 Mommsen
620 1842 707 1878 ibid.
735 1843 785 1877 Ill
818 1856 853 1888 p.
882 1843 982 1886 XIX,
1015 1845 1165 1879 Henzen
1197 1844 1285 1879 ibid.
1313 1845 1373 1887 VI,

75 1903 164 1983 p**')
190 1939 216 1981 f.
243 1941 328 1974 122r
353 1938 472 1972 Meam
500 1937 616 1971 amice
645 1948 689 1971 ne
716 1937 842 1971 doleas
869 1939 1004 1972 sortem

398 1984 628 2018 Moriendum
654 1983 726 2019 fuit

353 2031 412 2065 Sic
439 2034 525 2066 sunt
550 2031 741 2066 hominum
767 2031 844 2066 fata

182 2081 208 2123 f.
233 2082 324 2115 12211
400 2078 502 2112 Sicut
527 2077 565 2112 in
591 2078 720 2112 arbore
748 2089 858 2122 poma

351 2125 551 2159 Immatura
577 2126 713 2159 cadunt

398 2173 445 2206 Et
471 2174 618 2207 matura
643 2173 818 2217 leguntur

351 2219 419 2254 Hic
446 2220 549 2262 legar
570 2220 629 2254 hic
649 2220 774 2254 uiuam
795 2232 862 2255 nec
883 2231 1015 2255 nomen
1037 2221 1144 2255 inane
1169 2220 1374 2264 relinquam

881 2268 1081 2311 (relinquar
1107 2268 1326 2310 Sannamr.)

352 2313 380 2347 O
409 2314 538 2349 domus
565 2325 584 2349 o
611 2325 738 2349 musae
765 2315 896 2349 durate
923 2316 1068 2349 manete
1095 2314 1217 2348 ualete
