1563 2511
69 340 112 370 51

66 694 109 724 52

14 1036 107 1061 xxn

62 1075 106 1106 53

60 1522 105 1553 54

0 1807 107 1833 XXIII

57 1847 101 1877 55

655 48 976 90 —366—

140 155 269 207 atque
307 153 563 208 porticibus,
601 154 711 196 unde
749 151 800 195 de
833 155 963 208 plano
1002 155 1088 210 legi
1126 156 1312 211 possint,
1350 158 1488 199 instar

140 212 266 253 edicti
289 212 471 265 pendere
492 213 765 266 mandauero,
790 228 931 255 nonne
957 217 1024 255 tot
1051 215 1204 256 statuis
1231 216 1488 270 honorabor,

141 274 245 325 quot
275 271 437 312 fuerint
469 272 654 327 paginae
686 273 960 314 libellorum?

294 329 427 372 .Sed
466 331 518 371 ad
552 331 778 373 blandiora
810 332 979 374 festino.
1031 332 1084 373 ab
1118 332 1198 374 hac
1231 334 1343 374 enim
1376 334 1487 375 litte-
1507 346 1558 371 325

138 403 283 430 rarum
271 329 380 430 Iad
424 404 491 431 me
536 389 733 431 datarum
779 393 901 444 parte
946 391 1181 446 digressus,
1226 406 1275 433 eo
1321 407 1487 447 quoque

139 448 412 501 descendisti,
445 451 493 490 ut
525 463 768 503 quaereres,
807 450 946 504 qualis
980 450 1033 491 ad
1066 465 1132 492 me
1165 451 1316 492 trabea
1346 452 1486 493 mitte-

137 509 265 548 retur.
328 522 454 549 omne
500 508 779 563 largitionum
824 511 997 550 tuarum
1041 509 1326 551 ministerium
1371 511 1488 552 solli—

138 566 326 607 citudine
365 566 575 622 fatigasti.
636 582 721 608 non
760 581 860 622 ergo
907 583 1036 622 supra
1075 569 1343 610 consulatum
1382 569 1487 610 mihi

138 627 203 665 est
242 625 434 667 adhibita
473 641 548 680 per
584 628 626 667 te
660 640 759 667 cura
797 630 886 668 tam
925 627 1122 681 diligens,
1163 642 1240 681 pro
1280 643 1346 669 me
1386 643 1487 670 cura
1507 639 1558 665 330

137 686 227 725 tam
260 684 392 725 felix?
426 685 469 726 in
495 684 666 736 Illyrico
701 700 821 726 arma
854 686 1120 739 quatiuntur:
1152 690 1199 727 tu
1232 702 1326 729 mea
1358 701 1486 729 causa

137 757 213 796 per
258 742 421 784 Gallias
467 744 658 785 ciuilium
708 744 906 785 decorum
958 744 1208 786 indumenta
1252 746 1486 801 dispensas,

138 802 341 843 loricatus
383 802 433 843 de
471 805 575 857 toga
614 817 709 843 mea
746 806 926 853 tractas,
968 803 1012 844 in
1051 804 1271 858 procinctu
1311 809 1353 846 et
1390 820 1485 847 eum

137 861 321 902 maxime
355 861 633 903 dimicaturus
667 862 882 915 palmatae
916 863 1048 904 uestis
1081 878 1200 905 meae
1234 867 1485 906 ornamenta

137 920 347 973 disponis:
380 919 563 962 feliciter
595 923 637 961 et
669 921 781 962 bono
816 921 968 964 omine.
1031 937 1217 977 namque
1249 923 1331 964 iste
1363 923 1482 965 habi-
1501 934 1555 960 335

136 981 223 1029 tus,
267 982 316 1020 ut
352 979 396 1020 in
433 994 537 1033 pace
577 980 765 1021 consulis
804 983 887 1032 est,
934 981 994 1022 sic
1032 982 1076 1022 in
1115 982 1297 1023 uictoria
1335 983 1485 1023 trium-

133 1038 323 1092 phantis.
373 1053 527 1092 parum
556 1042 638 1091 est,
673 1040 726 1092 si,
760 1040 898 1093 qualis
927 1040 979 1080 ad
1006 1054 1072 1080 me
1099 1041 1249 1082 trabea
1275 1042 1484 1096 mittatur,

134 1098 394 1152 interroges:
426 1099 469 1138 te
496 1112 639 1139 coram
665 1099 807 1152 promi
833 1099 967 1139 iubes.
1016 1113 1093 1140 nec
1121 1100 1225 1141 satis
1256 1099 1403 1153 habes,
1436 1104 1484 1141 ut

133 1156 413 1211 largitionum
458 1156 645 1198 ministri
685 1172 735 1198 ex
775 1171 892 1199 more
929 1158 1183 1212 fungantur:
1228 1159 1350 1214 eligis
1392 1159 1483 1213 ipse

134 1215 183 1256 de
228 1215 375 1256 multis
422 1218 480 1270 et,
525 1230 620 1257 cum
667 1216 867 1270 elegeris,
913 1231 1090 1258 munera
1135 1221 1210 1259 tua
1253 1218 1482 1261 uerborum
1502 1230 1554 1255 340

131 1274 294 1316 honore
327 1275 610 1329 prosequeris.
662 1287 932 1329 PALMATAM,
965 1276 1126 1331 inquis,
1161 1289 1255 1318 Tim
1288 1289 1401 1331 MISI,
1434 1290 1482 1318 IN

133 1346 223 1384 QVA
268 1345 405 1375 DIVVS
453 1345 770 1376 CONSTANTIVS
810 1346 989 1376 PARENS
1028 1347 1210 1377 NOSTER
1248 1348 1480 1378 INTEXTVS

131 1404 229 1434 EST.
280 1407 347 1433 me
375 1393 567 1445 beatum,
600 1392 718 1434 cuius
751 1394 994 1449 insignibus
1027 1395 1127 1435 talis
1160 1409 1260 1436 cura
1291 1399 1480 1449 praesta·

130 1453 217 1493 tur!
250 1451 356 1493 haec
382 1452 528 1506 plane,
560 1451 666 1492 haec
694 1454 759 1493 est
784 1453 918 1507 picta,
944 1455 992 1494 ut
1019 1453 1189 1508 dicitur,
1216 1455 1366 1508 uestis,
1392 1469 1480 1497 non

132 1511 269 1566 magis
310 1525 412 1552 auro
453 1526 528 1552 suo
569 1525 696 1565 quam
736 1512 822 1552 tuis
861 1512 1017 1553 uerbis.
1081 1513 1153 1554 sed
1186 1514 1322 1555 multo
1354 1514 1479 1568 plura
1499 1524 1551 1549 345

133 1573 234 1611 sunt
265 1571 310 1610 in
343 1571 432 1610 eius
466 1574 635 1621 ornatu,
669 1584 777 1624 quae
809 1585 885 1624 per
916 1573 960 1612 te
992 1572 1227 1613 instructus
1260 1573 1478 1628 intellego.

129 1630 347 1683 geminum
380 1629 537 1684 quippe
569 1630 613 1669 in
639 1643 723 1670 uno
757 1629 907 1670 habitu
934 1630 1074 1672 radiat
1098 1645 1256 1672 nomen
1281 1632 1478 1686 Augusti.

129 1687 412 1730 Constantius
444 1688 490 1729 in
523 1690 774 1742 argumento
815 1690 946 1730 uestis
986 1690 1208 1744 intexitur,
1246 1689 1478 1732 Gratianus

128 1748 172 1788 in
204 1747 391 1788 muneris
423 1747 586 1789 honore
620 1747 815 1788 sentitur.

217 1806 313 1847 XII.
358 1806 552 1847 Accessit
594 1808 685 1847 tarn
729 1806 908 1860 inpenso
954 1807 1158 1849 benefic-io
1197 1810 1270 1850 tuo
1310 1808 1476 1863 pondus
1497 1819 1548 1844 350

222 1939 290 1969 323
315 1912 437 1970 noiifi‘ffe
464 1935 538 1978 (pr.
564 1935 624 1977 ss.)
653 1933 685 1967 Τ

222 1982 271 2016 ΧΙ
298 1986 365 2017 326
387 1983 493 2033 prate
516 1982 564 2015 'll
635 1984 703 2015 327
731 1979 951 2016 discendisti
972 1982 1004 2017 G
1077 1986 1145 2017 330
1172 1983 1292 2028 perte]
1321 1983 1476 2027 parte&

126 2033 192 2064 331
219 2029 333 2064 foelix
356 2030 388 2063 T
409 2030 413 2074 Ι
435 2027 570 2062 illirico
593 2029 626 2061 Z
697 2031 765 2062 332
793 2028 982 2075 decorum]
1013 2030 1216 2074 dequorum
1239 2031 1287 2064 M
1312 2030 1358 2065 de
1384 2041 1474 2074 quo-

125 2089 206 2111 rum
237 2076 270 2111 G
367 2080 435 2111 333
462 2076 633 2119 procintu
660 2075 709 2109 M
802 2079 871 2110 334
898 2077 1012 2111 uestis
1038 2088 1132 2121 susp.
1151 2077 1332 2123 ¹Acidalio
1405 2081 1474 2112 335

124 2123 311 2159 foeliciter
339 2123 371 2158 Τ
442 2126 510 2157 337
537 2122 684 2167 parum]
718 2133 852 2166 purum
879 2123 911 2158 G-
985 2128 1052 2158 342
1080 2124 1336 2159 constantinus
1358 2124 1473 2159 MG?

173 2176 240 2206 343
266 2171 354 2206 talis
380 2169 496 2215 uestis
524 2181 611 2204 cura
641 2170 695 2212 T}
719 2172 926 2213 praestetur
953 2171 985 2205 G
1068 2176 1135 2206 346
1162 2172 1376 2207 instructius
1403 2171 1436 2207 G
1467 2172 1470 2217 Ι

124 2243 296 2287 intelligo
325 2242 360 2276 Z
454 2245 520 2275 347
556 2240 692 2284 radiat]
727 2218 889 2284 lgemiat
922 2240 956 2284 (l
962 2242 1083 2277 radiat
1106 2254 1161 2287 pr
1190 2244 1319 2289 mam)
1348 2243 1381 2277 T

125 2294 193 2325 348
220 2288 476 2326 constantinus
505 2289 538 2324 G
657 2287 726 2321 XII
753 2291 820 2322 350
848 2288 1018 2336 inpenso]
1049 2291 1097 2324 M
