1563 2511
79 989 163 1031 375

515 133 559 138 —-
625 120 885 150 LXXXXVIIII
955 133 1000 137 —

206 213 299 255 Val
310 214 413 254 enti
424 214 542 254 nian
555 229 579 254 u
590 229 608 254 s
628 216 727 267 post
746 215 941 254 uastatos
964 214 1127 268 aliquot
1143 214 1428 256 Alamanniae

202 287 336 327 pagos
362 273 675 313 munimentum
702 272 900 313 aedificat
920 287 1051 326 prope
1072 273 1298 327 Basiliam3
1329 287 1429 314 mox

201 346 347 385 pacem
359 331 574 372 concludit
582 346 676 372 cum
686 330 904 372 Macriano
914 345 1013 385 rege
1024 335 1222 378 (Ammian.
1233 338 1335 372 XXX
1345 338 1427 382 3‚1>.

204 389 486 431 Gratianus
531 404 707 431 uxorem
753 389 868 430 ducit
906 388 1148 431 Constantii
1193 391 1325 432 filiam
1366 396 1426 439 (cf.

201 446 382 481 Ammian.
403 446 575 481 XXVIIII
596 451 627 490 6,
650 449 694 490 7).
774 490 778 494 ᾗ

199 496 425 587 ξξοΧὴόυὲΙΞ
441 495 620 537 incitato
649 495 745 537 odio
771 496 947 550 petebat
966 496 1200 549 imperator
1228 502 1426 543 (Ammian.

199 554 518 643 meliosillcllg
533 602 757 655 episcopus
778 600 1110 643 Mediolanensis
1138 604 1306 643 creatus
1329 609 1427 650 QHie-

200 670 275 693 ron.
303 658 351 693 ad
376 669 398 692 a
422 662 528 692 2390.
567 658 714 692 Paulini
741 658 817 692 uita
842 657 1027 693 Ambrosii
1055 670 1085 693 c.
1107 660 1154 702 9).

144 730 145 733 ’
201 722 297 761 ante
331 734 384 760 m.
418 718 517 760 Dec.
550 733 683 774 usque
717 719 769 759 ad
802 733 838 760 a.
870 719 955 760 378
1002 719 1262 760 Ausonius
1303 734 1428 773 quae-

182 780 290 819 stor
329 778 439 819 sacri
470 778 623 831 palatii
663 783 779 825 (Grat.
812 784 894 818 Act.
926 788 965 818 11
1001 795 1044 818 ex
1069 785 1133 819 tuo
1160 784 1293 819 merito
1320 786 1357 819 te
1385 796 1428 819 ac

196 836 301 879 patre
340 833 569 879 principibus
608 836 808 878 quaestura
845 835 1063 869 communis.
1114 839 1157 869 83
1191 836 1426 879 quaestorem

196 884 313 916 tuum.
351 882 535 926 Protrept.
557 885 601 916 90
629 884 804 925 quaestor
825 882 1002 926 Augustis
1029 882 1127 925 patri
1147 886 1321 926 natoque.
1360 882 1426 927 Ep.

197 929 282 963 XIII
309 928 356 963 ad
380 928 570 963 Vrsulum.
617 928 832 972 Symmachi
857 941 915 973 ep.
937 929 952 962 I
974 933 1028 963 23.
1057 929 1176 964 Praef.
1199 930 1214 963 Ι
1235 931 1305 973 35).

196 989 277 1030 XV
305 990 373 1030 Kl.
402 989 501 1031 Dec.
550 988 954 1030 Valentinianus
993 990 1230 1043 imperator
1267 991 1426 1045 Brege-

196 1048 312 1089 tione
344 1049 388 1089 in
422 1048 643 1089 Pannonia
676 1049 785 1089 Obiit
818 1055 1016 1097 (Ammian.
1036 1055 1139 1088 XXX
1160 1060 1190 1099 6,
1213 1055 1353 1099 3sqq.).

197 1106 605 1148 Valentinianus
643 1121 748 1160 puer
786 1110 878 1148 tum
917 1107 1163 1162 quadrimus
1204 1107 1426 1162 Augustus

196 1164 381 1207 Orientis
419 1168 708 1219 nuncupatur,
753 1180 848 1207 cum
887 1166 1054 1207 Iustina
1091 1170 1227 1207 matre
1266 1167 1424 1222 degens

195 1227 296 1267 tunc
334 1225 379 1265 in
418 1224 525 1265 uilla
566 1239 692 1278 quam
725 1224 1037 1266 Murocinctam
1071 1226 1292 1279 appellant
1326 1231 1425 1273 (Am-

197 1282 307 1316 mian.
329 1280 429 1315 XXX
453 1285 506 1324 10,
528 1285 561 1315 4.
588 1281 736 1316 Hieron.
759 1282 805 1315 ad
825 1292 856 1315 a.
879 1286 982 1317 2391.
1009 1281 1195 1317 Ambrosii
1217 1283 1423 1318 consolatio

195 1328 340 1364 Valent.
369 1340 397 1364 c.
420 1333 474 1363 59.
502 1328 664 1372 Epitom.
687 1330 757 1372 45).

194 1381 413 1432 gestorum
456 1378 633 1432 ignarus
680 1379 904 1418 etiamtum
945 1376 1226 1419 Gratianus
1268 1380 1426 1434 agebat

195 1437 306 1491 apud
339 1436 547 1478 Treueros
582 1442 779 1483 (Ammian.
807 1443 909 1476 XXX
932 1448 986 1487 10,
1010 1443 1053 1485 1).

193 1495 356 1536 Iulius
396 1496 656 1536 Ausonius
708 1498 831 1549 pater
882 1496 1113 1537 honoraria
1156 1497 1425 1550 praefectura

192 1554 356 1608 Illyrici
388 1557 565 1596 ornatus
599 1560 762 1605 (Epiced.
784 1560 855 1601 52).

77 1611 312 1655 376—380
356 1628 457 1667 „per
494 1613 575 1654 hoc
614 1613 940 1667 quadriennium
980 1628 1127 1654 omnes
1161 1614 1317 1655 summi
1349 1630 1425 1668 per

193 1672 454 1714 occidentem
492 1672 773 1726 magistratus
812 1672 936 1713 unius
968 1672 1158 1713 familiae
1192 1673 1316 1726 quasi
1348 1688 1422 1727 pa-

191 1731 442 1772 trimonium
463 1733 598 1773 erant.
635 1745 713 1772 nec
732 1731 872 1772 minus
894 1731 1039 1784 legum
1061 1732 1209 1772 eodem
1229 1734 1422 1786 tempore

190 1790 377 1831 latarum
422 1793 676 1844 argumenta
716 1791 899 1832 Ausonii
942 1791 1161 1845 ingenium
1199 1791 1423 1845 p1·odunt“.

193 1846 237 1881 cf.
265 1846 352 1882 Cod.
380 1847 560 1881 Theodos.
583 1846 669 1880 XIII
691 1850 722 1889 3,
746 1850 786 1881 11
820 1847 835 1880 Ι
859 1851 913 1890 16,
936 1850 977 1881 13
1011 1846 1106 1889 XVI,
1130 1851 1170 1881 19
1203 1847 1289 1881 XIII
1311 1852 1343 1890 3,
1367 1852 1420 1884 12.

194 1893 289 1928 adde
315 1894 330 1927 Ι
358 1897 414 1937 15,
437 1898 454 1928 7
495 1893 599 1927 VIIII
624 1898 652 1936 1,
677 1897 730 1927 13.
765 1898 795 1937 6,
820 1900 848 1928 1.
871 1898 903 1928 2.
939 1898 993 1938 19,
1015 1899 1047 1929 4.
1080 1898 1136 1938 35,
1157 1898 1190 1928 2.
1212 1898 1250 1928 3:
1292 1894 1420 1929 Seeck.

190 1940 403 1975 LXXVIIII.

189 1991 394 2081 gssqlsioffii}
420 1990 656 2031 amicitiam
679 1989 1034 2044 Symmachorum
1060 1990 1224 2031 familia
1250 1991 1423 2032 sensitf‘

73 2098 174 2137 inter
207 2100 289 2137 376
324 2101 363 2137 et
397 2100 480 2137 380
520 2099 688 2148 scriptae
726 2102 818 2137 sunt
858 2100 1287 2137 commendaticiae
1321 2114 1417 2149 epp.

190 2156 458 2208 Symmachi
491 2157 547 2195 ad
580 2159 843 2196 Ausonium
876 2154 913 2211 (Ι
949 2161 1013 2197 17.
1049 2160 1114 2197 29.
1149 2160 1213 2197 30.
1250 2160 1315 2197 36.
1350 2161 1417 2197 40.

190 2218 257 2255 41.
291 2211 364 2269 43)
399 2219 438 2254 et
470 2229 517 2254 ex
550 2217 691 2255 ceteris
726 2217 806 2255 24‘?
840 2218 904 2255 28.
941 2219 1006 2255 33.
1041 2219 1106 2256 34.
1136 2218 1204 2256 35.
1232 2219 1417 2256 37—39.

189 2275 334 2313 eisdem
367 2275 479 2313 annis
512 2276 722 2325 pleraeque
750 2275 1022 2326 Symmachi
1050 2276 1103 2314 ad
1130 2276 1417 2325 Hesperium

190 2346 286 2383 epp.
315 2330 352 2386 <I
382 2330 585 2387 75—88).

1082 2399 1130 2428 0.ss

1082 2430 1101 2444 :5
