1563 2511
620 83 666 88 —
734 72 808 103 cv1
875 86 923 91 —

95 168 281 223 379ss380
312 170 650 221 Protrepticus
684 170 740 210 ad
772 171 1035 211 Ausonium
1067 175 1297 223 nepotem.

93 244 198 282 inter
225 244 308 281 379
343 244 520 280 autumn.
547 244 587 280 et
613 242 698 280 380
724 242 911 280 hiemem:
958 242 1225 292 Symmachi
1257 244 1313 282 ad
1344 244 1438 282 Au-

214 301 413 350 sonium,
445 301 649 340 Ausonii
675 301 729 339 ad
751 300 1077 351 Symmachum
1103 303 1173 352 Ep.
1196 303 1214 340 I
1236 305 1288 341 31
1319 305 1364 341 et
1386 304 1438 341 32

212 357 282 400 (31,
304 359 323 389 2
358 366 441 389 cum
473 355 588 389 semel
620 365 642 388 a
672 356 709 389 tc
736 355 943 399 profectum
971 367 1118 390 carmen
1145 358 1217 400 est,
1250 356 1306 390 ius
1333 367 1440 392 omne

213 401 371 447 posuisti
398 430 404 437 .
427 430 434 437 .
457 429 463 435 .
492 404 590 436 certe
616 401 767 445 aliquod
792 401 1059 436 didascalicum
1086 413 1150 437 seu
1174 403 1442 448 protrepticum

212 451 339 485 nostro
371 459 517 493 quoque
548 448 690 483 nomini
722 459 869 484 carmen
902 449 1083 485 adiudica.
1135 453 1196 492 31,
1224 454 1243 485 3
1276 450 1440 495 expende

214 497 331 531 otium
357 499 473 531 tuum.
496 517 539 522 -—
559 495 715 530 Ausonii
740 495 883 541 aliquot
902 497 1016 531 uerba
1036 508 1080 531 ex
1100 508 1158 542 ep.
1178 502 1224 532 32
1246 498 1442 542 desumpta

213 543 455 588 Symmachus
486 544 641 587 usurpat
672 553 728 587 ep.
756 543 849 578 1116
881 544 994 587 paulo
1026 546 1113 588 post
1143 543 1282 579 Titiani
1317 545 1440 579 fratris

212 593 371 626 mortem
397 601 428 626 a.
450 594 518 625 380
545 602 598 626 eX.
627 590 789 635 scripta).

94 664 180 706 380
213 663 493 705 Gratianus
526 664 676 705 consul
703 663 742 704 V
775 678 871 705 cum
903 663 1156 706 Theodosio.

93 741 186 787 post
213 739 297 776 380
343 737 552 786 Griphus
599 736 834 787 Symmacho
879 737 1084 775 dedicatus
1129 740 1188 781 (cf.
1222 741 1269 775 ad
1301 752 1333 775 a.
1361 745 1442 777 368,

212 804 265 836 pr.
290 794 350 825 15:
389 790 460 825 iste
485 792 644 835 nugator
669 790 818 825 libellus
844 791 917 824 iam
945 791 1007 825 diu
1034 793 1176 826 secreta
1201 791 1351 835 quidem
1377 791 1441 826 sed

214 839 318 882 uulgi
343 837 505 872 lectione
530 838 714 872 laceratus
740 839 933 882 pei-ueniet
957 838 1110 872 tandem
1134 839 1173 872 in
1199 849 1331 873 manus
1355 839 1440 873 tuas

220 915 226 921 .
245 914 251 921 .
270 915 276 920 .
296 885 335 918 in
361 885 606 929 expeditione,
633 885 734 929 quod
752 886 898 929 tempus
920 887 962 919 ut
981 885 1051 920 scis
1071 886 1245 920 licentiae
1265 885 1439 920 militaris

214 935 284 976 est,
313 943 421 977 super
447 943 611 966 mensam
637 932 737 967 facta
763 933 818 967 est
843 932 1014 967 inuitatio
1042 935 1140 977 etc).

94 1005 328 1047 380-382
362 1003 425 1058 Sy
438 1005 610 1058 agrius
637 1004 847 1058 Hesperio
876 1004 1081 1046 successit
1106 1004 1151 1045 in
1174 1006 1442 1058 praefectura

212 1067 347 1118 praet.
384 1063 536 1105 Italiae
574 1068 677 1112 (cod.
711 1070 892 1105 Theodos.
919 1070 935 1104 Ι
959 1074 1016 1113 15,
1046 1074 1099 1105 10.
1132 1070 1264 1112 X130‚
1291 1074 1346 1106 38.
1373 1070 1443 1104 VH

215 1125 269 1165 18,
290 1126 320 1156 4.
353 1120 439 1155 VIII
461 1124 492 1165 5,
514 1124 569 1155 36.
595 1120 610 1153 Ι
635 1124 688 1162 1ο,
712 1125 742 1154 1.
770 1121 854 1155 VIII
877 1125 907 1163 7,
931 1124 983 1154 15.
1011 1120 1078 1154 XII
1102 1124 1130 1163 1,
1153 1125 1207 1156 88.
1229 1125 1284 1156 89.
1313 1120 1364 1154 XI
1388 1125 1439 1164 16,

214 1172 268 1203 14.
308 1167 431 1203 Sidon.
453 1167 578 1213 Apoll.
599 1180 655 1212 ep.
678 1168 709 1201 V
732 1172 785 1203 17.
813 1168 827 1201 I
850 1171 880 1203 7.
909 1168 939 1201 V
961 1171 992 1201 5.
1014 1167 1082 1202 VII
1105 1171 1164 1202 12:
1193 1167 1309 1202 Seeck
1331 1167 1436 1211 CIX).

95 1242 178 1284 381
215 1241 277 1296 Sy
287 1256 311 1283 a
321 1241 433 1296 griu
443 1256 461 1282 s
483 1241 631 1282 consul
658 1246 802 1292 (postea
821 1257 936 1290 usque
958 1247 1005 1281 ad
1026 1258 1058 1281 a.
1074 1251 1141 1282 392
1162 1246 1330 1292 priuatus
1344 1246 1441 1290 fuit).

96 1325 180 1366 382
214 1323 494 1365 Gratianus
521 1323 738 1365 Victoriae
764 1323 998 1378 imaginem
1025 1337 1072 1364 ex
1102 1323 1218 1365 curia
1244 1322 1443 1364 Romana

213 1383 425 1424 remoueri
456 1383 576 1424 iubet
608 1381 812 1424 hortante
844 1382 1091 1423 Ambrosio.

95 1454 180 1496 382
208 1458 252 1495 et
277 1454 362 1496 383
408 1454 654 1495 Proculus
696 1452 977 1507 Gregorius
1022 1452 1263 1506 praefectus
1308 1455 1443 1506 praet.

213 1511 450 1554 Galliarum
484 1518 695 1564 (Gregorius
728 1518 874 1563 Syagrii
904 1517 1065 1562 uestigia
1095 1517 1230 1563 pressit
1260 1517 1298 1552 in
1329 1517 1444 1552 hono-

212 1581 294 1604 rum
333 1581 456 1612 cursu3
496 1570 577 1604 erat
609 1581 640 1604 a.
668 1574 734 1604 377
768 1569 883 1614 praef.
917 1580 1101 1603 annonae:
1143 1568 1230 1604 Cod.
1262 1567 1442 1603 Theodos.

211 1616 315 1650 XIIII
331 1622 364 1661 3,
381 1621 422 1652 15
439 1638 480 1642 —
497 1616 674 1651 Proculus
696 1616 896 1661 Gregorius
918 1616 1130 1660 appellatur
1149 1616 1187 1650 in
1207 1615 1315 1650 inscr.
1331 1614 1442 1650 Orell.

214 1668 305 1699 3327
340 1684 382 1688 —
416 1676 447 1699 a.
470 1667 537 1699 378
565 1664 603 1698 et
629 1667 696 1698 379
730 1665 906 1707 quaestor
938 1663 1031 1698 sacri
1063 1663 1212 1708 palatii3
1252 1663 1327 1697 iam
1358 1663 1443 1707 post

214 1710 362 1755 Syagrii
388 1711 619 1746 consulatum
647 1712 761 1755 praef.
788 1712 905 1755 praet..
927 1710 1143 1754 Galliarum,
1170 1710 1283 1745 etiam
1308 1720 1340 1744 a.
1362 1712 1442 1752 388,

215 1759 258 1792 cf.
282 1757 418 1802 Sulpic.
442 1758 568 1793 Seueri
589 1757 712 1792 chron.
735 1758 768 1791 11
789 1762 844 1801 49,
866 1762 886 1792 2
914 1757 1155 1803 „Gregorium
1176 1757 1442 1802 praefectum“.

214 1805 373 1839 decessit
399 1807 485 1840 ante
513 1817 544 1840 a.
566 1809 645 1839 400.
679 1805 725 1839 cf.
749 1804 961 1849 Symmachi
981 1815 1037 1849 ep.
1058 1804 1128 1838 VlI
1148 1808 1191 1839 88
1214 1803 1443 1848 „Gregorii“.

213 1852 428 1896 Symmachi
454 1853 499 1887 ad
527 1852 794 1897 ,‚Greg01·iun1“
822 1864 905 1897 epp.
927 1852 978 1886 111
1006 1856 1141 1887 17—22
1170 1864 1214 1886 ex
1240 1852 1346 1886 annis
1373 1854 1441 1886 378

96 1964 179 2002 382
215 1963 397 2012 Cupido
443 1964 626 2002 Treueris
659 1976 730 2002 scr.
776 1967 816 2002 et
859 1963 908 2002 ad
950 1963 1162 2002 Proculum
1204 1962 1443 2012 Gregorium

213 2022 358 2060 missus
404 2018 447 2074 (2
482 2023 667 2060 Treueris
701 2052 709 2061 .
737 2054 743 2061 .
776 2023 818 2060 in
859 2022 1032 2060 triclinio
1072 2022 1171 2060 Zoili
1209 2022 1344 2060 fucata
1382 2024 1444 2060 est

213 2081 369 2129 pictura
400 2082 497 2119 haec
523 2113 530 2120 .
559 2076 599 2133 ..)
651 2081 779 2119 eidem
805 2093 894 2119 cum
918 2082 1169 2130 praefectura
1194 2080 1442 2131 fungeretur,

213 2139 421 2189 priorem
466 2140 866 2190 epigrammatum
910 2140 1081 2178 seriem
1128 2139 1340 2189 adscripsit
1383 2153 1441 2190 ep.

218 2199 357 2236 1—23
403 2201 462 2243 (of.
492 2207 522 2245 1,
550 2207 586 2237 9:
620 2202 757 2237 irascor
788 2202 962 2246 Proculo,
996 2201 1096 2237 cuius
1129 2201 1306 2236 facundia
1335 2203 1443 2237 tanta

214 2254 284 2295 est,
318 2254 477 2296 quantus
510 2253 644 2294 honos3
678 2253 826 2297 scripsit
857 2252 1029 2297 plurima,
1062 2262 1155 2296 quae
1184 2252 1334 2286 cohibet
1362 2280 1368 2287 .
1397 2281 1404 2288 .
1434 2278 1441 2286 .

213 2299 298 2334 huic
326 2309 405 2343 ego,
433 2299 532 2343 quod
559 2300 729 2344 superest
753 2299 859 2335 nobis
885 2298 1061 2344 ignobilis
1088 2299 1151 2343 oti,
1179 2299 1345 2344 deputo).
