1563 2511
591 22 790 64 —451
858 47 909 52 —-

149 129 192 159 31
219 124 371 160 Anthol.
404 125 468 160 lat.
497 126 592 160 Ries
620 130 745 169 407,1
773 126 858 161 111116
892 127 930 160 et
960 126 1141 161 amicitias
1175 138 1301 172 regum
1334 128 1420 173 fuge

218 176 239 205 4
261 183 312 215 sq.
338 172 424 206 uiue
452 176 489 207 et
515 172 720 208 amicitias.
739 173 912 218 ..fugito
932 177 1053 217 408,1
1075 175 1159 208 uiue
1181 156 1236 208 eto
1236 175 1421 210 amicitias

215 229 342 253 omnes
368 219 434 263 fug
437 230 466 253 e.

148 269 191 299 35
219 265 360 300 Paulin.
393 266 551 301 Euchai.
587 270 653 302 278
693 267 838 311 saepius
871 271 908 302 et
944 268 1103 312 propriis
1140 270 1284 304 certans
1317 281 1420 304 mens

215 313 326 347 obuia
350 313 460 347 uotis.

145 363 188 393 36
214 359 382 405 Propert.
408 359 460 393 ΠΙ
487 364 518 400 1,
546 364 565 395 6
592 359 630 394 111
655 361 801 405 magnis
829 362 866 395 et
891 360 1051 395 uoluisse
1078 362 1135 395 sat
1161 364 1224 398 est.

146 410 189 440 39
217 406 431 448 Quintilian.
458 407 485 442 I.
519 406 559 441 Ο.
587 407 656 442 VII
690 412 749 451 10,
784 412 827 442 14
865 420 973 443 nemo
1008 410 1192 452 expectet,
1224 411 1266 444 ut
1298 410 1420 446 alieno

216 455 363 489 tantum
389 454 515 489 labore
543 455 592 489 sit
617 455 786 490 disertus.
814 455 1066 500 uigilandum,
1094 456 1318 501 durandum,
1345 458 1420 492 eni-

211 501 377 543 tendum,
403 501 616 546 pallendum
643 503 708 537 est.

144 551 188 581 50
216 547 343 583 Cicero
369 548 472 583 Tusc.
494 548 586 593 148,
615 553 681 584 114
706 559 780 583 11011
806 548 908 583 nasci
933 548 1075 583 homini
1101 549 1211 594 longe
1238 550 1420 595 optimum

214 607 311 639 esse,
337 596 545 640 proximum
574 597 698 631 autem
725 607 835 640 quam
862 596 1022 641 primum
1048 597 1152 632 mori.
1202 596 1294 633 Plin.
1322 610 1356 634 n.
1383 599 1418 632 h.

214 642 281 676 VII
313 647 334 676 4
366 644 492 688 itaque
530 642 641 678 multi
676 644 847 686 extitere,
887 643 949 687 qui
986 655 1060 679 non
1100 644 1202 679 nasei
1237 644 1419 689 optimum

214 691 406 724 censerent
432 692 496 725 aut
523 702 632 734 quam
660 691 829 726 ocissime
857 690 1009 726 aboleri.

69 734 120 769 ΠΙ
146 735 246 782 [363]
274 737 328 772 De
354 737 434 772 uiro
460 739 567 772 bono.

213 785 245 821 (l
265 784 360 818 Prof.
379 789 432 827 11,
448 789 467 819 5
488 784 711 829 Pythagorei
723 796 797 819 non
819 785 1008 819 tenentem
1022 785 1183 820 tramitis
1197 786 1290 820 recti
1304 785 1417 823 uiam.

166 836 181 864 1
211 832 339 866 Horat.
360 831 427 876 Ep.
450 834 463 866 1
486 836 516 871 7,
537 836 581 866 22
609 833 623 866 l
646 836 700 875 16,
722 835 765 866 73
792 832 849 866 uir
875 833 992 866 bonus
1013 833 1049 866 et
1071 833 1226 877 sapiens.
1254 832 1270 866 I
1293 837 1349 878 16,
1370 837 1414 868 32

210 878 243 912 11
270 882 308 921 3,
334 883 402 914 445
428 879 485 913 uir
511 879 629 914 bonus
657 881 695 914 et
719 879 893 923 prudens.

213 926 372 961 Martial.
398 925 469 960 ΙΠΙ
495 931 528 970 5,
558 931 575 960 1
602 926 659 961 uir
684 927 801 961 bonus
829 926 867 960 et
892 937 1043 970 pauper.

166 975 185 1006 3
213 972 341 1008 Horat.
371 973 403 1007 S.
431 973 447 1006 Ι
475 978 506 1015 5,
535 977 578 1008 32
606 974 652 1008 ad
678 984 838 1017 unguem
866 972 984 1007 factus
1011 974 1132 1008 homo.

164 1022 186 1052 4
213 1021 354 1064 (Horat.
378 1020 413 1055 C.
437 1021 452 1054 l
473 1025 528 1063 26,
550 1025 570 1055 5
592 1021 690 1064 quod
713 1020 919 1055 Tirida-tem
943 1022 1083 1054 terreat
1108 1021 1214 1055 unice
1241 1024 1417 1067 securus.)

163 1070 183 1100 5
213 1067 244 1103 11
271 1067 458 1111 Technop.
485 1067 534 1101 111
562 1072 604 1102 15
632 1079 693 1102 cor
718 1069 893 1112 uegetum
918 1068 1047 1101 mundi
1073 1067 1190 1102 instar
1216 1068 1368 1104 habens.

118 1116 148 1147 5.
166 1117 185 1148 6
211 1113 339 1149 Horat.
359 1115 396 1150 S.
423 1115 456 1148 II
484 1118 515 1157 7,
543 1119 586 1150 96
613 1115 719 1149 fortis
746 1117 784 1149 et
807 1114 845 1148 111
874 1125 911 1148 se
936 1113 1017 1159 ipso
1043 1116 1157 1158 totus,
1183 1117 1279 1150 teres
1305 1118 1417 1160 atque

211 1162 403 1200 rotundus,
430 1162 571 1196 externi
597 1173 641 1197 ne
668 1162 755 1206 quid
782 1162 907 1196 ualeat
931 1172 997 1205 per
1022 1162 1103 1196 leue
1130 1162 1276 1198 morari.

166 1211 185 1241 9
212 1209 340 1244 Horat.
367 1208 434 1253 Ep.
461 1209 494 1243 Π
522 1213 558 1252 1,
585 1212 629 1244 29
655 1208 813 1244 Romani
838 1211 1040 1253 pensantur
1066 1208 1196 1244 eadem
1222 1209 1417 1254 scriptores

209 1255 360 1290 trutina.

207 1303 307 1339 Pers.
333 1303 350 1337 Ι
382 1307 401 1338 6
437 1314 637 1338 examenue
668 1303 879 1348 improbum
910 1302 948 1337 in
981 1303 1046 1337 illa
1080 1303 1235 1348 castiges
1261 1304 1415 1340 trutina.

211 1350 243 1387 (l
269 1350 335 1385 ecl.
365 1355 396 1394 7,
423 1354 467 1385 33
500 1352 539 1385 111
574 1362 719 1394 quoque
753 1351 854 1385 certa
886 1360 994 1385 mane
1027 1361 1171 1385 morum
1202 1349 1295 1384 mihi
1321 1351 1417 1386 libra

208 1408 385 1433 meorum.

139 1447 180 1477 10
210 1444 242 1481 (I
268 1442 382 1480 Cento
407 1445 521 1490 praef.
549 1456 620 1479 ex.:
647 1445 762 1479 densa
785 1455 830 1478 ne
857 1455 969 1489 supra
993 1444 1143 1479 modum
1163 1445 1416 1491 protuberent,

206 1491 331 1527 hiulca
355 1503 400 1527 ne
426 1494 590 1537 pateant.

139 1541 179 1571 11
208 1537 325 1573 Varro
352 1539 448 1573 Men.
477 1543 544 1574 555
573 1539 611 1574 Β.
640 1538 670 1573 si
696 1538 855 1583 diligens
882 1539 939 1572 est
965 1538 1011 1573 ad
1038 1537 1223 1574 amussim.

139 1588 180 1619 13
207 1584 306 1620 Pers.
328 1585 360 1620 V
382 1590 426 1621 24
446 1586 565 1631 pulsa,
587 1586 801 1631 dignoscere
822 1588 963 1628 cautus,
984 1585 1074 1629 quid
1094 1584 1255 1620 solidum
1276 1588 1412 1631 crepet.

138 1634 180 1666 14
208 1632 342 1667 Catull.
370 1637 424 1668 64.
453 1638 494 1668 91
523 1644 598 1668 non
622 1633 722 1678 prius
749 1644 792 1667 ex
817 1633 883 1667 illo
909 1631 1107 1676 flagrantia
1133 1632 1335 1668 declinauit
1360 1634 1414 1668 lu-

207 1680 318 1723 mina,
347 1692 457 1724 quam
484 1682 616 1715 cuncto
644 1679 814 1725 concepit
840 1691 991 1724 corpore
1016 1680 1213 1714 flammam.

207 1708 345 1772 Vergil.
371 1730 412 1763 A
440 1727 508 1761 ΗΠ
536 1731 603 1762 184
629 1738 697 1762 1160
722 1727 822 1762 dulci
847 1727 1012 1761 declinat
1035 1727 1176 1761 lumina
1202 1738 1341 1762 somno.

138 1778 181 1808 14
208 1785 285 1818 sqq.
312 1775 439 1819 Χρυσᾶ
468 1773 536 1818 ἔπη
564 1779 608 1809 40
634 1787 710 1819 sqq.
746 1771 832 1819 μηδ
863 1772 983 1809 ύπνον
1009 1776 1229 1818 μαλακοῖσιν
1257 1771 1320 1809 ἐπ
1350 1771 1414 1819 ὅμ-

207 1834 295 1865 μασι
321 1823 455 1866 προςὸε
450 1821 612 1866 ξασθαι,
638 1822 725 1865 πρὶν
751 1823 823 1855 τῶν
852 1819 1035 1878 ημερινῷν
1064 1820 1181 1865 ἔργων
1209 1821 1285 1864 τρὶς
1306 1820 1413 1856 ἕκασ-

207 1881 270 1903 τον
299 1867 487 1904 ἐπελθεῖν·
514 1883 563 1913 πη
592 1869 778 1916 παρέβην,
806 1869 842 1903 τί
866 1865 902 1903 δ’
927 1867 1053 1912 ἔρεξας
1080 1870 1118 1903 τί
1140 1881 1201 1914 μοι
1228 1868 1316 1903 δέον
1343 1865 1414 1903 οὐκ

208 1913 396 1961 ἐτελέσθη.

207 1963 332 1998 Cicero
373 1964 464 1998 Cato
503 1967 547 1998 38
583 1963 904 2008 Pythagoreorum
942 1974 1044 1997 more
1080 1963 1305 1998 exercendae
1338 1974 1413 1998 me-

207 2011 346 2046 moriae
388 2010 526 2055 gratia,
575 2011 664 2055 quid
707 2021 851 2054 quoque
894 2010 953 2044 die
998 2010 1170 2053 dixerim,
1218 2010 1411 2054 audierim,

208 2057 358 2102 egerim,
386 2069 632 2093 commemoro
658 2059 816 2102 uesperi.
862 2057 904 2092 cf.
927 2057 1052 2092 Horat.
1081 2057 1115 2092 S.
1142 2059 1158 2091 I
1183 2062 1216 2101 4,
1245 2061 1410 2101 133sqq.

206 2116 324 2149 neque
348 2106 444 2140 enim
466 2117 548 2141 cum
568 2106 728 2140 lectulus
756 2107 819 2140 aut
838 2116 896 2138 me
917 2104 1079 2149 porticus
1101 2105 1256 2149 excepit,
1284 2105 1411 2139 desum

207 2152 308 2187 mihi.
354 2153 520 2195 „rectius
546 2153 616 2187 hoe
643 2154 716 2195 est3
742 2153 812 2187 hoc
838 2151 977 2187 faciens
1002 2151 1128 2186 uiuam
1152 2152 1313 2187 melius“
1341 2152 1411 2186 etc.

207 2198 346 2234 Seneca
366 2179 414 2235 ’de
440 2200 496 2235 ira
521 2200 572 2234 III
599 2204 678 2236 361.

138 2250 180 2280 19
209 2245 356 2291 Coripp.
381 2246 500 2282 lustin
525 2247 558 2281 H
584 2251 651 2283 402
678 2247 730 2282 III
756 2250 823 2282 348
849 2246 1044 2281 miseratus
1071 2246 1208 2301 egenis.

137 2296 182 2328 24
209 2305 285 2338 sqq.
312 2295 440 2338 Χρυσᾶ
463 2293 532 2339 ἔπη
553 2298 631 2328 43
618 2306 668 2339 s.q
692 2291 900 2340 ἀρξάμενος
921 2291 956 2328 δ’
980 2290 1054 2328 ἀπὸ
1083 2306 1230 2337 πρωτου
1259 2290 1410 2335 ἐπέξιθι
1476 2283 1480 2286 ⁴

1056 2353 1126 2386 ἢῆ*
