1563 2511
657 52 916 93 „3-

47 218 78 243 11
99 218 164 249 [470
171 217 208 248 B]
550 215 776 246 AVSONIVS
810 215 1022 246 SYAGRIO.

117 300 307 342 Pectoris
340 301 388 341 ut
418 299 557 341 nostri
588 299 732 340 sedem
765 298 888 351 colis,
921 298 1033 339 alme
1067 297 1239 354 Syagli,

177 357 540 412 Communemque
572 357 743 398 habitas
777 357 886 398 alter
918 370 996 411 ego
1031 356 1291 399 Ausonium:

121 417 190 459 Sic
223 418 352 459 etiam
385 420 533 458 nostro
566 416 785 470 praefatus
817 416 1030 457 habebere
1063 416 1193 471 libi-,o

176 475 358 518 Differat
389 478 436 517 ut
466 475 620 530 nihilo,
653 476 710 516 sit
740 477 839 516 tuus
872 489 981 516 anne
1014 490 1146 516 meus.

46 699 173 730 111[—]
337 686 620 729 EPISTVLA
653 685 945 728 THEODOSI
979 685 1243 728 AVGVSTI.

119 794 437 847 <THEonosivs
468 804 709 835 Avasrvs
742 804 941 835 Avsomo
974 804 1174 834 PARENTI
1206 795 1464 849 SALVTEM.)

207 887 343 929 Amor
369 901 487 928 meus
514 887 587 942 qui
612 887 654 928 in
681 889 724 928 te
746 889 811 927 est
832 889 874 927 et
894 886 1121 929 admiratio
1149 887 1311 942 ingenii
1339 891 1464 943 atque

118 946 372 988 eruditionis
399 948 510 1000 tuae,
537 961 644 1001 quae
670 946 807 987 multo
828 946 1016 986 maxima
1036 948 1145 999 sunt,
1172 946 1285 998 fecit,
1310 962 1464 1001 parens

117 1005 441 1059 iucundissime,
478 1006 527 1046 ut
558 1019 720 1046 morem
758 1004 1024 1058 principibus
1064 1004 1159 1045 aliis
1193 1005 1368 1047 solitum
1401 1021 1464 1048 se-

116 1066 382 1119 questrarem
413 1063 757 1117 familiaremque
790 1077 1030 1104 sermonem
1060 1064 1377 1118 autographum
1411 1066 1463 1107 ad
1490 1075 1509 1106 5

115 1126 158 1164 te
178 1123 530 1176 transmitterem,
555 1122 781 1176 postulans
802 1136 878 1176 pro
899 1122 990 1163 iure
1009 1137 1096 1163 non
1117 1123 1309 1176 equidem
1330 1125 1465 1180 regio,

117 1182 190 1223 sed
221 1182 335 1223 illius
363 1181 559 1236 priuatae
591 1181 704 1222 inter
729 1195 808 1222 nos
845 1181 1056 1235 caritatis,
1086 1195 1140 1222 ne
1171 1181 1362 1223 fraudari
1395 1198 1462 1224 me

117 1241 375 1295 scriptorum
407 1243 582 1282 tuorum
612 1239 796 1282 lectione
829 1239 1021 1294 patiaris.
1080 1255 1188 1295 quae
1221 1241 1324 1282 olim
1358 1242 1464 1283 mihi

117 1300 290 1354 cognita
317 1302 360 1341 et
384 1299 470 1341 iam
495 1313 572 1354 per
597 1301 767 1352 tempus
795 1299 930 1340 oblita
953 1314 1122 1340 rursum
1150 1299 1352 1354 desidero,
1376 1315 1464 1342 non

117 1359 256 1400 solum
296 1360 360 1412 ut,
399 1372 506 1412 quae
545 1360 644 1399 sunt
680 1360 802 1412 nota,
839 1358 1100 1413 recolantur,
1143 1358 1213 1400 sed
1254 1360 1384 1400 etiam
1417 1362 1464 1401 ut
1492 1370 1534 1400 10

117 1432 183 1472 ea,
217 1432 324 1472 quae
356 1417 471 1458 fama
503 1417 659 1459 celebri
692 1417 858 1458 adiecta
889 1420 1199 1472 memorantur,
1244 1419 1461 1472 accipiam.

117 1490 224 1530 quae
262 1479 310 1517 tu
342 1476 392 1517 de
424 1476 721 1531 promptuario
762 1476 1015 1518 scriniorum
1054 1478 1244 1530 tuorum,
1284 1478 1356 1531 qui
1395 1492 1463 1519 me

118 1550 257 1589 amas,
305 1535 444 1576 libens
489 1535 728 1589 imperties,
779 1537 947 1576 secutus
999 1536 1193 1589 exempla
1237 1539 1462 1578 auctorum

117 1594 393 1648 optimorum,
431 1594 585 1648 quibus
623 1608 702 1647 par
740 1608 831 1635 esse
863 1594 1075 1635 meruisti:
1116 1595 1186 1648 qui
1221 1593 1460 1637 Octauiano

117 1653 313 1707 Augusto
346 1667 487 1694 rerum
520 1653 704 1707 potienti
733 1652 931 1694 certatim
958 1667 1086 1707 opera
1114 1668 1190 1694 sua
1215 1653 1461 1710 tradebant,
1490 1664 1531 1695 15

115 1711 236 1753 nullo
268 1712 352 1752 fine
383 1711 429 1752 in
456 1712 546 1753 eius
578 1712 784 1753 honorem
810 1713 945 1752 multa
971 1712 1213 1754 condentes.
1265 1712 1338 1767 qui
1364 1714 1461 1755 illos

115 1770 222 1811 haut
254 1771 386 1812 sciam
418 1785 472 1812 an
505 1770 742 1825 aequaliter
774 1774 900 1825 atque
934 1784 1013 1826 ego
1045 1773 1087 1812 te
1121 1771 1358 1814 admiratus
1393 1773 1461 1827 sit,

117 1831 232 1870 certe
263 1843 351 1871 non
383 1830 566 1884 amplius
600 1829 821 1884 diligebat.
871 1830 965 1871 uale
998 1844 1165 1884 parens.

210 1980 244 2013 II
271 1991 419 2015 stGmo
452 1979 486 2014 V
578 1984 597 2014 2
625 1991 696 2027 que
723 1979 844 2015 abitas
878 1980 911 2014 V
989 1984 1008 2015 3
1037 1959 1146 2015 abgsse
1179 1981 1237 2026 (be
1265 1981 1312 2016 al.
1338 1982 1399 2025 ss.)
1429 1981 1463 2015 V
1502 1983 1540 2015 V

116 2030 138 2061 4
158 2027 287 2073 snicilo
314 2029 351 2071 (n
376 2039 420 2062 ex
445 2039 481 2061 m
496 2028 526 2071 ¹2)
560 2027 594 2060 V

211 2085 263 2119 ΠΙ
288 2085 425 2131 Incipit
450 2086 609 2131 epistola
633 2086 806 2121 theodori
833 2086 983 2131 augusti
1002 2086 1060 2128 Pl
1084 2086 1311 2122 Theodosius
1334 2107 1376 2112 —-
1404 2097 1459 2120 sa·
1493 2087 1535 2120 P

115 2132 233 2168 luten]
258 2133 459 2176 Auantius,
485 2144 550 2170 om.
578 2134 614 2168 P
707 2137 728 2167 4
754 2133 1018 2169 iocundissime
1044 2134 1103 2178 P}
1134 2133 1264 2168 solitus
1291 2134 1343 2168 PS
1368 2144 1458 2169 corr.

118 2179 307 2215 Amantius
380 2184 399 2215 9
427 2180 605 2225 desydero
633 2182 668 2215 P
740 2185 781 2215 12
809 2181 1034 2216 scrineorum
1061 2181 1098 2216 P
1168 2186 1210 2216 13
1237 2181 1404 2226 iperties.
1428 2181 1464 2214 P

168 2231 210 2262 17
238 2228 365 2273 atque]
394 2228 466 2274 adi]
490 2229 526 2262 P
552 2231 556 2271 Ι
591 2229 640 2263 sit
664 2228 853 2264 Amantius
879 2228 949 2262 scit
977 2229 1013 2263 P

1204 2345 1248 2378 1*
