1563 2511
622 59 681 65 ..„
742 36 914 78 56..

157 140 318 183 Ornate
351 141 488 183 bonis.
693 152 735 184 19
867 141 1031 183 Versus
1060 141 1233 183 Horati:

97 210 143 242 50
159 199 296 248 Quam
327 199 541 254 fatiloquo
691 211 735 242 50
869 199 968 253 „Nil
1000 202 1065 241 est
1099 200 1152 241 ab
1185 200 1302 242 omni

155 257 282 301 Dicte
312 257 486 312 profatu
868 259 996 300 Parte
1028 258 1241 300 beatum.“
1402 269 1447 300 54

28 399 108 430 [197]
217 384 298 420 VH.
343 384 585 420 LEONTIVS
612 385 966 467 Gzffgfflss'xrrlscvs
993 383 1326 421 COGNOMENTO

279 515 360 565 Qui
392 517 495 558 eolis
528 517 664 558 laetos
696 517 941 571 hilarosque
973 530 1133 570 moreS,

278 576 359 625 Qui
391 575 481 617 dies
513 575 668 630 festos,
699 576 811 630 ioca,
842 578 964 628 uota,
994 575 1160 626 ludum,

277 636 481 676 Annuum
512 634 650 676 functi
681 649 874 676 memora
904 633 1055 675 Leonti

500 692 686 735 Nomine
716 693 931 735 threnum.

275 786 383 841 Iste,
414 785 622 828 Lasciuus
654 787 823 841 patiens
855 787 1019 841 uocari,
1423 798 1442 829 5

274 844 446 886 Nomen
480 845 705 900 indignum
737 845 954 899 probitate
985 846 1101 888 uitae

276 903 442 945 Abnuit
471 917 725 958 numquam,
757 904 858 959 quia
890 907 1062 959 gratum
1095 904 1147 946 ad
1180 919 1304 946 aures

499 962 629 1004 Esset
662 963 836 1005 amicas.

275 1056 455 1098 Litteris
486 1059 655 1098 tantum
688 1056 864 1098 titulum
897 1056 1140 1112 adsecutus,

277 1115 473 1164 Quantus
512 1115 611 1156 exili
644 1115 748 1156 satis
781 1118 846 1156 est
878 1115 1118 1170 cathedrae,
1405 1127 1446 1159 10

275 1173 430 1216 Posset
461 1173 649 1215 insertus
681 1188 858 1215 numero
890 1176 939 1215 ut
969 1174 1104 1215 videri

503 1231 906 1274 Grammaticorum.

193 1325 244 1359 VI
270 1328 313 1360 53
346 1325 474 1359 Horat.
502 1335 532 1359 e.
558 1324 592 1358 11
620 1328 673 1367 16,
699 1328 744 1359 27
772 1336 823 1369 sq.
863 1324 967 1359 Nihil
994 1326 1051 1359 est
1076 1345 1119 1349 —
1146 1324 1308 1359 beatum.

193 1383 263 1418 VII
289 1383 334 1418 cf.
361 1382 456 1427 lapis
482 1383 529 1417 ad
548 1383 753 1428 Lupiacum
779 1382 951 1418 inuentus
978 1383 1036 1427 (de
1064 1393 1107 1417 eo
1128 1382 1383 1418 RDezeimeris
1408 1383 1448 1418 in

99 1431 254 1475 Compte
286 1430 403 1465 rendu
436 1430 500 1464 des
532 1431 682 1465 seances
715 1429 761 1465 de
785 1430 927 1465 l'Acad.
955 1430 999 1465 de
1026 1430 1218 1465 Bordeaux
1246 1433 1446 1476 1868-69)

101 1477 166 1522 qui
191 1478 289 1512 hunc
315 1477 353 1512 in
379 1476 531 1511 modum
556 1476 704 1512 uidetur
729 1477 996 1512 restituendus:

428 1535 885 1559 υυ-υυ-υιΕΟΝΤΙ

429 1588 453 1604 υ
477 1587 500 1604 υ
524 1600 546 1605 -
571 1588 595 1604 υ
619 1588 643 1604 υ
668 1571 889 1616 displicuere

431 1618 597 1652 venienti
622 1617 661 1652 in
687 1619 850 1663 corporis
875 1630 982 1653 usum

430 1664 622 1699 hominum
647 1666 844 1710 diuumque
867 1682 892 1699 υ
917 1665 1056 1700 eundae

433 1714 589 1757 septena
609 1713 763 1757 prodita
786 1714 895 1748 noete

430 1761 469 1793 te
495 1789 517 1793 ..
542 1776 591 1792 υυ
614 1788 637 1793 -
660 1776 709 1792 ω
733 1762 867 1794 untum

432 1806 614 1841 lasciuum
638 1836 660 1840 -
685 1823 733 1840 υυ
758 1836 780 1840 -
805 1837 827 1840 -

98 1891 143 1922 25
171 1887 386 1923 Ostentatus
812 1892 855 1923 52
881 1889 1019 1923 Versus
1045 1888 1140 1923 orati

171 1934 388 1979 Raptusque
415 1935 523 1969 simul
882 1934 946 1969 Nil
973 1936 1029 1970 est
1053 1936 1099 1970 ab
1126 1935 1226 1969 omni

98 1985 143 2016 27
171 1981 255 2017 Non
280 1980 358 2016 sine
383 1993 507 2017 morsu
811 1986 855 2017 54
880 1981 988 2016 Parte
1012 1983 1164 2017 beatum

195 2066 238 2098 52
265 2062 398 2098 Horati
424 2063 588 2108 Scaliqer
615 2068 647 2107 1,
674 2068 717 2099 11
818 2068 860 2099 53
889 2065 936 2099 ab
961 2065 1026 2099 del.
1053 2064 1245 2100 LBIueller

193 2157 264 2191 VII
298 2157 479 2202 mscxvvs]
508 2159 640 2192 nearvs
674 2157 708 2190 V
735 2168 826 2193 corr.
853 2157 1036 2193 Graeuius
1069 2158 1074 2203 l
1111 2161 1144 2193 Γ
1172 2160 1289 2194 metro
1317 2159 1444 2194 saffieo

98 2205 147 2240 al.
173 2216 287 2250 ‘mar-q.
322 2204 356 2238 V
450 2208 469 2238 3
498 2215 634 2238 annum
667 2204 700 2237 V
729 2215 819 2240 corr.
845 2205 1016 2250 Luqdun.
1115 2209 1137 2239 4
1162 2206 1334 2241 threnum
1368 2206 1401 2241 V

102 2256 122 2287 ὅ
150 2250 223 2287 Site
251 2251 279 2297 (i
304 2251 366 2296 al.)
401 2250 434 2285 V
453 2252 458 2295 l
480 2251 596 2286 lascib
631 2251 663 2284 V
758 2256 776 2286 6
803 2252 990 2296 pronitate
1022 2252 1056 2286 V
