1563 2511
636 36 918 78 „60-

373 152 416 183 35
449 152 702 183 AMMONIVM
736 174 744 182 .
771 173 779 182 .
807 174 835 195 '7

449 199 531 249 Qui
563 200 740 241 rudibus
772 199 918 253 pueris
1406 211 1449 243 32

449 258 596 299 Prima
628 259 840 299 elementa
872 257 1020 312 dabat,
1407 270 1451 301 33

448 316 658 359 Doctrina
690 317 888 371 exiguus,
1408 329 1450 360 37

449 375 642 418 Moribus
675 374 920 429 inplacidis:

371 446 416 476 40
448 434 652 489 Proinde,
683 436 731 475 ut
763 436 857 475 erat
887 434 1105 487 meritum,
1147 462 1150 464 v

447 492 628 534 Famam
660 492 811 533 habuit
842 494 1026 534 tenuem.
1407 505 1452 536 40

506 551 653 606 Pange
686 553 729 592 et
759 562 1013 594 ANASTAsm
1407 563 1451 594 45

449 610 634 664 Flebile,
664 609 806 664 Musa,
839 610 998 651 melum

448 670 506 711 Et
537 683 730 710 memora
760 671 933 710 tenuem

372 738 416 769 45
450 727 606 778 Nema,
639 727 984 782 grammaticum.

449 786 709 840 Burdigalae
740 785 854 827 hunc
888 786 1082 839 genitum

448 844 690 886 Transtulit
722 844 900 886 ambitio
1408 857 1452 888 50

448 903 778 957 Pictonicaeque
811 902 939 944 dedit.
1409 916 1454 946 44

450 962 619 1016 Pauper
650 961 711 1002 ibi
745 964 787 1002 et
818 964 991 1002 tenuem
1409 974 1450 1005 51

373 1032 416 1063 50
448 1020 625 1062 Victum
656 1019 939 1075 habitumque
973 1020 1116 1062 colens

451 1079 694 1122 Gloriolam
728 1079 880 1120 exilem
1409 1093 1452 1124 53

449 1138 508 1179 Et
539 1138 706 1192 patriae
741 1140 782 1179 et
815 1137 1042 1178 cathedrae
1410 1151 1455 1182 54

105 1255 200 1289 Huic
225 1264 309 1289 mea
333 1252 517 1298 principio
699 1256 743 1287 ‘20
817 1253 938 1287 Nenia
961 1253 1247 1297 grammaticum

107 1301 257 1336 Credita
281 1300 459 1345 puerities
816 1299 1017 1344 Burdigale
1042 1301 1140 1334 hunc
1166 1301 1331 1345 genitum

47 1351 51 1356 “
106 1349 169 1383 Nil
195 1348 277 1393 opis
302 1348 388 1382 inde
413 1346 503 1382 tulit
817 1345 1025 1381 Transtulit
1050 1347 1206 1382 ambitio
1410 1354 1454 1385 50

108 1396 172 1430 Set
197 1397 324 1430 tamen
348 1396 390 1429 ut
415 1393 595 1439 placitum
816 1393 962 1437 Pauper
986 1393 1038 1428 ibi
1065 1395 1102 1428 et
1126 1396 1276 1430 tenuem

108 1443 231 1486 Stirpe
258 1444 360 1477 satus
386 1441 546 1475 driidum
816 1440 967 1475 Victum
995 1441 1209 1485 abitumque
1236 1442 1359 1478 colens

106 1489 250 1525 Genitis
276 1488 501 1524 aremoricae
699 1490 743 1521 ‘25
816 1487 1020 1522 Gloriolam
1046 1488 1178 1522 exilem

106 1535 307 1581 Burdigale
334 1535 550 1570 cathedram
817 1534 864 1568 Et
889 1535 1033 1579 patriae
1061 1536 1098 1569 et
1123 1536 1321 1572 cathedrae

105 1582 454 1628 Natioperobtinuit
817 1581 872 1615 Ne
899 1580 1039 1626 pariter
1063 1582 1227 1617 tumulus
1410 1588 1454 1620 55

106 1631 329 1665 Permaneat
348 1629 460 1664 series
816 1629 960 1663 Nomen
988 1630 1026 1663 et
1052 1639 1135 1663 ossa
1159 1631 1266 1674 tegat

105 1677 338 1722 Religiosum
364 1676 502 1711 etenim
816 1686 998 1710 mcvi-mo
1028 1687 1170 1711 sonorus

107 1724 402 1759 Commemorare
700 1726 743 1756 30
816 1735 911 1757 mmo
938 1725 1059 1756 enm-151

109 1770 363 1806 Gramaticum
389 1769 509 1814 patrie
817 1774 924 1804 nvnni

202 1879 247 1910 24
273 1875 445 1909 druidum
470 1875 644 1921 Luyclun.
760 1878 804 1909 25
831 1875 953 1920 gentis
980 1875 1152 1921 Luydzm.
1269 1880 1312 1910 27
1341 1887 1454 1921 opera

106 1923 279 1968 Luydzm.
377 1926 421 1957 30
447 1933 551 1957 meae
577 1922 661 1957 add.
687 1921 860 1966 Luydzm.
957 1924 1052 1967 (post
1078 1934 1113 1958 u.
1140 1927 1179 1957 1:
1206 1925 1365 1957 metrum
1391 1924 1454 1967 qui

107 1981 218 2014 supra
249 1969 515 2014 pentemimere
542 1972 591 2011 et,
622 1969 716 2013 quod
736 1980 854 2013 paene
879 1971 1048 2014 euanuit,
1083 1971 1117 2004 It
1147 1968 1352 2005 Iambicum
1379 1997 1385 2003 .
1410 1997 1416 2004 .
1448 1970 1451 2016 Ι

108 2045 114 2052 .
139 2045 144 2050 .
167 2042 175 2051 .
203 2018 240 2051 et
267 2043 273 2050 .
296 2043 303 2050 .
326 2043 333 2051 .
355 2044 362 2051 .
390 2017 474 2051 cata
507 2019 511 2060 Ι
546 2016 732 2057 lecticum‚
758 2026 873 2060 supra
898 2027 933 2051 u.
961 2019 1028 2051 32:
1064 2019 1222 2052 metrum
1254 2016 1317 2060 qui
1343 2028 1455 2061 supra

107 2064 152 2098 al.
179 2075 214 2098 m
247 2063 293 2107 V)
390 2063 505 2098 Hunc
529 2064 692 2098 ordinem
717 2074 797 2098 eum
822 2063 1030 2098 Schenkelio
1057 2064 1245 2099 constitui:
1270 2075 1331 2098 uu.
1361 2067 1452 2098 1-8

107 2114 242 2145 17—21
283 2112 424 2145 34—36
463 2114 577 2145 9-16
617 2114 755 2144 22—33
797 2113 936 2144 37-40
972 2113 1112 2145 44—54
1151 2111 1225 2155 (sed
1263 2114 1308 2144 44
1334 2114 1454 2146 trans-

101 2158 292 2202 ponendus
323 2160 407 2201 post
432 2159 491 2202 50)
531 2161 669 2191 41——43
704 2160 747 2191 55
768 2168 819 2200 sq.
865 2160 1055 2201 praeterea
1091 2158 1277 2192 Ammonii
1314 2168 1454 2199 nomen,

106 2205 202 2249 quod
240 2205 415 2239 librarius
443 2215 513 2248 per
544 2204 723 2238 iniurimn
754 2204 988 2248 inscriptioni
1018 2205 1161 2248 intulit,
1199 2205 1278 2249 ipso
1309 2215 1347 2240 eo
1380 2205 1454 2240 loco

107 2253 201 2286 inter
226 2262 260 2286 u.
284 2253 327 2286 31
349 2254 381 2286 et
403 2254 452 2287 32
479 2252 637 2286 carmini
662 2251 890 2293 inferendum
916 2255 992 2286 erat
