1563 2511
641 86 718 97 —.
758 63 844 103 413
908 86 960 91 -

130 167 379 221 prolapsus,
411 166 543 220 Lyra,
577 167 702 218 Auis,
736 165 931 220 Cepheus
965 170 1008 208 et
1041 166 1305 222 Cassiopeia,

131 225 293 279 Auriga
325 227 366 266 et
396 224 595 277 Perseus,
627 224 833 266 Deltoton
865 228 907 266 et
939 225 1235 267 Andromedae
1269 228 1444 279 astrum,

128 283 320 338 Pegasus
348 285 390 323 et
409 282 597 336 Delphin
626 283 873 337 Telumque,
901 283 1060 338 Aquila
1079 284 1470 339 Anguitenensque.

130 341 316 396 Signifer
347 341 446 382 inde
479 342 644 395 subest,
675 341 741 382 bis
776 355 848 382 sex
881 344 923 382 et
956 342 1095 382 sidera
1127 343 1343 396 complent
1449 353 1469 384 6

128 399 272 442 Hunc:
305 400 449 450 Aries,
481 399 665 453 Taurus,
699 398 886 452 Gemini,
920 399 1097 454 Cancer,
1128 400 1233 455 Leo,
1262 400 1411 455 Virgo,

129 458 275 513 Libra,
308 432 866 512 Scorpius‚Arqi1itenens‚
900 456 1185 524 Capricornus
1220 462 1261 499 et
1292 474 1442 500 urnam

130 516 211 566 Qui
242 520 360 558 tenet
393 520 434 558 et
465 516 622 558 Pisces.
673 519 773 571 post
806 519 905 557 sunt
936 517 979 557 in
1010 517 1207 570 partibus
1240 516 1388 559 Austri

129 576 279 629 Orion,
312 576 522 630 Procyon,
553 565 713 629 Lepus,
745 575 896 616 ardens
930 573 1084 628 Sirius,
1116 575 1254 629 Argo,
1428 585 1471 616 10

130 634 320 688 Hydrus,
352 633 529 687 Chiron,
560 633 813 675 Turibulum
845 648 1010 688 quoque
1043 608 1205 675 Pisciso
1213 609 1255 674 et
1286 633 1450 688 ingens.

129 693 240 735 Hinc
273 693 463 748 sequitur
493 692 654 734 Pistrix
688 692 815 733 simul
847 691 1111 746 Eridanique
1143 692 1312 733 fluenta.

776 817 819 852 V.

132 889 351 925 SVLPICIA
380 889 630 931 QVERITVR
655 888 1052 970 ἓῖῧῖᾖῖἷῌῌᾞᾘ
1081 887 1140 923 ΕΤ
1164 887 1471 923 TEMPORIBVS

133 1020 273 1073 Musa,
305 1019 460 1074 quibus
492 1020 682 1061 numeris
714 1019 868 1060 heroas
901 1022 943 1060 et
976 1034 1094 1060 arma
1126 1020 1387 1073 frequentas,

132 1079 353 1120 Fabellam
384 1079 585 1132 permitte
618 1078 724 1119 mihi
756 1078 952 1119 detexere
985 1078 1150 1132 paucis3

132 1137 245 1179 Nam
276 1137 357 1178 tibi
389 1138 544 1178 secessi
575 1139 717 1178 tecum
748 1137 969 1190 penetrale
1000 1138 1239 1177 retractans

134 1195 390 1237 Consilium:
424 1210 553 1249 quare
585 1210 662 1236 nec
695 1195 880 1236 carmine
912 1209 1035 1236 curro
1068 1195 1298 1247 Phalaeco,

132 1255 223 1297 Nec
254 1255 448 1295 trimetro
481 1255 643 1307 iambo,
674 1268 752 1295 nec
784 1254 856 1307 qui
887 1254 994 1307 pede
1025 1253 1187 1294 fractus
1221 1253 1368 1294 eodem
1455 1263 1474 1293 5

134 1313 320 1354 Fortiter
350 1313 477 1354 irasci
510 1312 658 1354 didicit
689 1312 792 1353 duce
824 1311 1110 1353 Clazomenio.

134 1370 286 1413 Cetera
319 1372 421 1425 quin
454 1371 599 1425 etiam,
631 1373 736 1426 quot
767 1371 963 1424 deinceps
995 1370 1116 1411 milia
1146 1370 1229 1411 lusi

134 1430 362 1484 Primaque
394 1429 613 1471 Romanos
648 1429 771 1471 docui
803 1429 1058 1470 contendere
1091 1428 1214 1469 Grais

134 1489 193 1530 Et
225 1489 387 1530 salibus
420 1489 585 1530 uariare
618 1488 758 1541 nouis,
792 1490 1039 1529 constanter
1071 1488 1223 1528 omitto

229 1619 249 1649 3
288 1614 358 1650 lira
390 1615 471 1651 Vat.
512 1616 517 1658 Ι
558 1615 756 1659 casiophea
784 1614 813 1649 0
851 1614 1060 1658 cassiiphea
1092 1614 1139 1648 V¹
1177 1613 1365 1657 casiephia
1397 1613 1477 1648 Vat.

136 1662 328 1706 cassiopea.
354 1662 387 1697 G
482 1666 504 1696 4
531 1662 700 1706 aurigam
730 1661 764 1695 V
799 1663 804 1705 Ι
845 1663 883 1696 et
907 1672 972 1695 om.
1004 1660 1075 1695 VO
1168 1663 1189 1693 5
1222 1660 1334 1695 delfin
1365 1659 1438 1695 VG
1471 1660 1474 1705 Ι

136 1709 261 1753 aquila
287 1720 353 1744 om.
384 1708 464 1743 Vat.
563 1712 584 1743 8
610 1708 818 1742 arcitenens
844 1709 931 1742 libri
959 1709 963 1750 Ι
995 1718 1088 1741 urna
1115 1706 1229 1741 GVG
1328 1710 1370 1742 10
1396 1717 1479 1751 pro-

136 1757 219 1790 cion
250 1756 284 1790 V
306 1767 459 1800 procum
492 1755 572 1790 Vat.
602 1757 606 1798 Ι
634 1756 738 1799 argos
763 1754 796 1790 G
872 1758 913 1788 11
940 1754 1038 1788 idros
1074 1754 1106 1788 V
1126 1754 1236 1798 ydros
1270 1754 1351 1789 Vat.
1377 1752 1479 1798 ydris

140 1803 173 1838 G-
200 1804 205 1847 Ι
240 1803 366 1837 cidron
398 1802 433 1837 V
460 1804 465 1846 Ι
498 1802 618 1847 pisces
644 1802 677 1836 G

231 1861 264 1895 V
295 1861 383 1895 V=
397 1862 448 1896 ed.
467 1873 524 1904 pr.
544 1861 699 1896 Venetz'is
711 1863 818 1902 1498,
838 1860 925 1895 P=
939 1861 992 1895 ed.
1008 1860 1217 1894 Parmensis
1234 1859 1372 1894 Thadei
1390 1859 1480 1903 Vyo-

137 1909 321 1951 leti1496,
347 1921 374 1942 ω
391 1925 435 1937 =
453 1908 533 1941 PV
572 1907 677 1942 Decii
697 1907 823 1952 magni
843 1906 998 1942 Ausonii
1021 1906 1219 1951 Catalogus
1239 1906 1357 1940 Vrbifi
1378 1905 1482 1940 nobi—

137 1955 191 1989 lifi
217 1955 327 1990 Finit.
353 1957 357 1999 Ι
386 1954 546 1999 Sulpitia
570 1954 715 1998 Incipit.
741 1958 744 1995 Ι
783 1954 956 1996 Queritur
981 1954 1026 1988 de
1053 1956 1152 1988 statu
1173 1953 1241 1988 Rei
1259 1965 1320 1998 pu.
1340 1952 1370 1987 85
1388 1954 1480 1987 tem-

137 2001 289 2047 poribus
328 2001 543 2036 Domitiani.
578 2002 614 2035 P
662 2001 822 2046 Sulpitia
858 2000 991 2044 incipit
1030 2000 1063 2034 V
1108 1999 1306 2035 Heroicum
1339 1999 1482 2044 Sulpici

139 2059 297 2084 carmen.
319 2048 426 2084 LXX.
455 2048 761 2083 RVolaterranus
789 2048 977 2083 Gomment.
1003 2048 1082 2082 urb.
1109 2048 1130 2082 ῑ.
1152 2047 1219 2081 IV
1241 2048 1267 2090 f.
1289 2047 1393 2082 LVI
1412 2047 1479 2089 (ed.

96 2117 99 2119 -
133 2107 193 2141 pr.
220 2096 324 2130 Rom.
352 2107 386 2131 a.
412 2098 524 2139 1506)
596 2100 616 2129 3
644 2095 795 2130 secessit
827 2095 861 2129 V
938 2099 960 2129 4
986 2105 1105 2138 neque
1140 2094 1173 2128 V
1199 2096 1202 2135 Ι
1236 2093 1418 2138 phaleuco
1447 2093 1484 2127 P

138 2142 294 2187 phaleco
327 2143 362 2177 V
401 2142 577 2177 Phalaeci
609 2142 799 2186 Schlaeyer
835 2142 861 2185 f.
888 2141 1095 2176 Phalaeceo
1199 2144 1219 2175 5
1251 2140 1393 2186 iambo]
1431 2151 1481 2174 aaz

141 2190 288 2224 elumbo
315 2190 425 2234 -pede
446 2189 465 2224 ‚9
540 2194 559 2224 6
586 2189 716 2224 didicit
746 2189 896 2224 Vinctus
921 2188 1034 2223 discit
1059 2202 1086 2222 ω
1162 2192 1180 2222 7
1209 2190 1342 2222 caetera
1368 2201 1394 2221 ω
1432 2199 1482 2221 an

141 2236 300 2270 Ludicra
318 2236 337 2270 ,9
359 2238 364 2280 Ι
387 2237 486 2280 quod
506 2236 663 2280 denique
684 2250 711 2270 ω
732 2247 821 2271 corr.
838 2237 969 2278 Peiper
994 2235 1179 2279 quondam
1195 2246 1290 2278 quae
1305 2234 1482 2270 Heinsius

145 2284 148 2328 Ι
171 2283 300 2318 mollia
325 2283 522 2319 Burmann
618 2287 638 2318 8
665 2284 848 2318 Romanas
881 2283 1032 2319 Vinctus
1063 2284 1068 2326 Ι
1101 2281 1215 2327 graiis
1242 2296 1268 2316 ω
