1563 2511
682 60 1002 101 —402—

762 222 845 257 XVI
851 222 910 256 ΠΙ.

357 289 481 337 Αὐταρ
509 291 527 327 ὁ
556 290 597 328 ἐν
624 293 772 340 μεγάρῳ
798 290 1020 328 ὑπελείπετο
1047 294 1126 333 δῖος
1149 290 1346 333 Ὀδυσσεύς

358 341 408 375 At
433 341 539 386 parte
564 341 740 375 interiore
767 340 898 376 domus
925 342 1087 375 secretus
1113 340 1240 375 Vlixes

256 424 405 467 Vlixes
445 439 540 466 cum
573 425 828 466 Telemacho
868 426 1011 466 omnia
1043 425 1093 466 de
1126 424 1266 466 medio
1307 425 1512 466 amoliun-

164 487 237 525 tur
268 485 407 538 procis
439 484 669 538 perniciem
702 487 1019 538 comparantes,
1060 499 1112 525 ne
1152 484 1387 538 quidquam
1426 499 1512 524 mu-

166 544 347 584 nimenti
382 545 456 584 aut
487 543 562 584 teli
593 543 921 597 relinqueretur,
954 544 1025 598 qui
1051 543 1120 584 uel
1147 557 1296 584 cauere
1324 543 1412 583 uim
1445 543 1512 583 uel
1540 555 1559 585 5

166 602 324 643 inferre
363 605 549 656 possent.
615 601 666 642 ad
705 601 966 654 Penelopam
1010 601 1159 643 deinde
1198 601 1334 643 accitu
1377 601 1512 655 ipsius

166 661 308 715 pergit
339 661 503 714 ibique,
534 662 579 700 ut
609 659 802 701 Eumaeo
836 661 1016 711 dixerat,
1055 659 1301 702 Cretensem
1339 674 1383 701 se
1421 674 1513 701 esse

167 721 374 760 mentitur
402 719 640 772 Vlixenque
668 718 780 771 apud
807 733 850 759 se
884 719 1073 772 hospitio
1100 719 1371 760 deuel-satum
1405 733 1513 760 com-

167 779 419 819 miniscitur.
470 792 570 818 mox
598 792 694 819 cum
719 777 923 831 Euryclia
948 778 1084 831 ipsius
1110 778 1254 818 nutrix
1284 777 1513 831 hospitalis

168 836 300 878 officii
333 851 461 878 causa
492 836 620 891 pedes
655 837 744 877 eius
778 837 957 889 elueret,
990 839 1109 878 tactu
1141 851 1293 877 manus
1327 836 1513 877 animad-
1543 849 1558 878 1

166 896 297 936 uertit
336 896 596 948 cicatricem,
641 910 767 949 quam
812 896 1001 937 habebat
1039 910 1089 936 ex
1127 896 1300 936 uulnere
1338 896 1380 936 in
1414 894 1513 936 Par-

166 969 273 996 naso
313 954 528 1008 quondam
568 955 655 995 suis
692 955 816 995 dente
848 969 1086 1008 percussus.
1144 969 1226 1008 quo
1259 957 1514 1008 argumento

168 1014 389 1054 alumnum
417 1029 541 1054 suum
569 1028 659 1054 esse
687 1014 926 1067 cognoscit,
960 1013 1033 1055 sed
1061 1013 1112 1054 ab
1141 1014 1306 1067 eodem,
1337 1027 1389 1054 ne
1416 1012 1515 1067 quid

167 1073 284 1114 ultra
316 1073 386 1113 1161
420 1075 599 1126 quaerat
629 1073 698 1113 uel
732 1073 913 1126 garriat,
945 1072 1208 1114 cohercetur.

801 1235 878 1269 XX.

334 1302 485 1352 <Αὐτὰρ
514 1303 532 1340 ὁ
562 1302 601 1340 ἐν
627 1303 802 1351 προδόμῳ
831 1302 1007 1347 εὐνάζετο
1035 1306 1114 1344 δῖος
1137 1301 1360 1351 Ὀδυσσεύς>

334 1354 486 1396 Iamque
512 1364 643 1397 procos
669 1364 791 1397 genua
817 1353 1044 1397 amplectens
1072 1352 1202 1387 orabat
1228 1351 1364 1387 Vlixes.

256 1438 545 1491 Epulantibus
578 1438 720 1492 procis
747 1436 976 1491 Ctesippus
1004 1437 1046 1477 in
1069 1436 1223 1477 Vlixen
1251 1450 1346 1477 crus
1380 1436 1512 1476 bubu-

166 1497 255 1538 lum
283 1497 400 1550 iacit,
429 1497 501 1537 sed
529 1496 812 1537 destinatione
839 1511 927 1537 non
953 1496 1129 1549 potitur.
1174 1495 1511 1548 Theoclymenus

167 1558 322 1609 autem,
344 1556 455 1609 apud
472 1555 741 1596 Ithacensios
763 1554 1040 1596 diuinationis
1061 1557 1270 1608 expertae,
1298 1553 1512 1595 inminens
1539 1564 1558 1594 5

166 1615 307 1668 procis
337 1614 598 1656 uaticinatur
625 1614 814 1655 exitium.
866 1628 1046 1667 quorum
1076 1613 1211 1654 multa
1238 1612 1512 1654 cauillatione

166 1674 329 1715 derisus
368 1688 515 1714 mensa
548 1676 590 1714 et
623 1673 747 1714 domo
786 1676 1006 1727 tamquam
1044 1671 1232 1713 furiosus
1265 1671 1512 1712 excluditur.

260 1825 397 1859 XVlIlI
426 1830 442 1859 1
471 1821 691 1859 ὑπελείπετο
713 1825 791 1863 δῖος
808 1820 1020 1869 Ὀδυσσεύς]
1046 1822 1516 1868 yneheroafftocoaycceycP

166 1877 185 1906 2
213 1872 343 1907 ulnoes
373 1873 423 1906 ΡΒ
505 1876 524 1905 3
553 1871 691 1916 omnia]
725 1883 829 1905 arma
855 1871 979 1904 omnia
1017 1870 1179 1915 Vyoletus
1263 1873 1285 1902 4
1310 1869 1511 1913 proniciem

168 1921 204 1954 P
225 1922 228 1962 ἶ
262 1919 481 1964 quidquam]
511 1918 624 1962 quius—1
653 1919 689 1952 P
712 1918 801 1961 quid
827 1919 891 1952 aut
915 1917 1081 1963 Vyoletus
1154 1920 1173 1951 5
1200 1915 1444 1960 reliqueretur
1465 1916 1514 1950 Ps

215 1971 234 2001 6
262 1966 326 2012 acl]
354 1966 401 2001 ad
420 1966 509 2000 inP
530 1966 567 1999 in
588 1966 653 2000 del.
670 1964 859 2000 Amantius
882 1966 885 2006 Ι
914 1965 1134 2008 penelopem
1151 1964 1186 1997 P
1258 1966 1276 1997 7
1299 1974 1426 1998 cumeo
1444 1963 1478 1996 P
1506 1963 1508 2007 3

166 2016 369 2048 certensem
397 2014 445 2047 PS
517 2016 537 2047 8
570 2012 667 2047 ulixe}
695 2012 731 2046 P
801 2016 820 2046 9
853 2012 1007 2046 eurielia
1035 2012 1070 2045 P
1156 2014 1198 2044 10
1226 2010 1404 2045 ειῖαιι61τίῒ,
1431 2010 1467 2044 P

167 2066 210 2096 12
238 2061 327 2107 quo]
360 2060 424 2105 qui
451 2060 487 2094 P
583 2063 625 2093 14
651 2059 807 2104 garriat}
836 2059 955 2093 cariat
982 2059 1043 2103 ΡΙ
1072 2060 1261 2093 coercetur
1290 2058 1325 2091 P

263 2132 329 2167 XX
359 2136 375 2165 1
404 2141 468 2166 om.
490 2131 526 2164 P
605 2135 624 2165 3
651 2130 823 2173 Tesippus
851 2130 888 2173 (ι’.
917 2129 1119 2174 etesippus)
1145 2129 1182 2162 P
1202 2140 1292 2164 corr.
1313 2128 1511 2162 Λῦσιν-εἰπε

166 2184 188 2214 4
214 2178 484 2214 thecolimenus
512 2178 545 2211 P
639 2182 659 2211 5
686 2180 777 2221 aput
802 2177 850 2210 Pe
880 2177 884 2221 Ι
919 2174 1070 2220 exparte
1104 2176 1140 2210 P
1173 2187 1263 2210 corr.
1292 2175 1410 2210 Paris.
1452 2185 1510 2209 ex-

165 2228 293 2272 pertus
320 2226 508 2261 Amantius
607 2229 626 2259 6
654 2223 876 2258 cauilatione
903 2224 938 2257 P
1033 2228 1050 2257 7
1079 2223 1239 2257 derrisus
1266 2222 1316 2256 ΡΞ
