1563 2511
654 40 976 95 ...290-

140 148 327 190 Duceret
358 147 403 188 in
435 152 632 188 sanctum
664 146 849 201 suspicio
881 145 994 187 falsa
1024 148 1260 199 parentem.

141 207 235 248 Hoc
267 220 362 247 mea
392 208 436 247 te
469 205 621 247 domus
655 205 849 259 exemplo
883 204 1098 259 coluitque
1130 205 1320 260 colitque

140 265 275 320 Inque
306 267 430 306 tuum
461 266 609 306 tantus
640 264 766 305 nobis
798 278 1034 306 consensus
1066 278 1256 305 amorem
1289 266 1372 318 est,

143 324 339 374 Quantus
373 326 416 365 et
445 323 491 364 in
524 321 746 365 Christum
778 337 940 364 conexa
972 325 1114 364 mente
1147 322 1383 364 colendum.

202 381 306 432 Quis
337 385 431 436 tua,
463 396 640 436 quaeso,
671 382 758 423 tuis
791 381 969 423 obduxit
999 384 1175 435 pectora
1206 380 1346 422 liuor?
1444 392 1490 423 20

143 441 236 491 Quo
267 455 437 483 rumore
468 441 588 495 pium
618 440 758 482 facilis
791 441 871 482 tibi
903 440 1020 481 fama
1050 454 1126 494 per
1158 454 1280 481 aures

141 499 311 555 Inrupit
341 500 590 555 pepulitque
623 500 813 541 animum
846 501 1080 553 contraque
1112 501 1328 540 uetustam

140 560 331 614 Experta
361 559 523 614 pietate
555 559 681 600 fidem
713 573 828 600 noua
858 558 1037 599 uulnera
1067 557 1223 612 mouit,

141 618 349 660 Laederet
379 622 428 659 ut
459 617 573 659 natis
606 617 822 672 placidum
854 617 967 658 male
1000 616 1133 658 suada
1164 617 1416 671 parentem?

203 676 276 719 Set
307 676 415 718 mihi
447 691 536 718 non
566 676 691 718 fictae
723 690 844 717 mens
876 676 1045 718 conscia
1078 675 1365 730 simplicitatis
1444 686 1489 716 25

140 735 233 778 Nec
264 736 401 790 patris
433 735 585 776 inculti
616 735 755 789 pietas
787 749 862 776 rea
893 735 1060 800 respuit
1092 749 1217 776 omne

141 794 394 837 Inmeritum
426 796 469 835 et
501 794 613 836 falso
645 793 882 849 perstringi
913 793 1091 835 crimine
1120 808 1208 835 non
1238 793 1340 847 fert,

140 853 334 895 Inmunis
367 867 487 894 uero:
521 852 698 908 grauius
730 852 922 894 uiolatur
952 852 1098 907 iniquo

140 911 346 966 Vulnere,
378 915 470 953 tam
501 914 651 953 tenera
683 911 887 965 offensae,
919 925 1048 966 quam
1079 911 1216 952 libera
1247 911 1407 965 culpae.

200 970 465 1012 Diseussisse
496 970 646 1026 iugum
678 970 867 1025 quereris
900 985 985 1024 me,
1017 985 1100 1025 quo
1132 970 1214 1011 tibi
1246 970 1382 1011 doctis
1445 981 1489 1012 30

141 1029 317 1072 Iunctus
349 1044 466 1071 eram
499 1029 664 1072 studiis.
713 1029 796 1071 hoc
826 1043 903 1071 nec
935 1031 1129 1084 gestasse
1162 1029 1333 1083 quidem
1365 1043 1432 1070 me

141 1089 320 1130 Adsero.
370 1103 556 1143 namque
587 1103 714 1144 pares
747 1088 932 1129 subeunt
963 1089 1082 1143 iuga:
1113 1102 1239 1130 nemo
1271 1089 1465 1130 ualentes

143 1145 329 1203 Copulat
361 1147 542 1189 infirmis
573 1162 712 1203 neque
746 1150 846 1189 sunt
877 1147 1107 1189 concordia
1137 1146 1278 1198 frena,

144 1205 189 1249 Si
222 1207 278 1248 sit
309 1207 526 1260 conpulsis
560 1221 761 1248 mensura
792 1206 1010 1261 iugalibus
1043 1207 1177 1261 inpar.

144 1264 188 1307 Si
220 1266 407 1306 uitulum
439 1269 563 1307 tauro
596 1266 664 1306 uel
698 1280 853 1320 equum
885 1265 1120 1307 committis
1154 1278 1337 1320 onagro,
1447 1275 1490 1306 35

143 1323 189 1366 Si
221 1324 386 1366 confers
418 1324 570 1366 fulicas
603 1325 744 1378 cycnis
777 1326 820 1365 et
852 1323 1017 1365 aedona
1048 1339 1218 1378 parrae,

239 1491 281 1522 16
307 1488 449 1522 Ducere
472 1487 508 1521 P
534 1489 539 1532 Ι
570 1485 725 1531 suspitio
752 1486 830 1521 PH
913 1491 955 1521 17
983 1486 1080 1521 colet
1105 1486 1142 1521 P
1212 1490 1254 1522 18
1280 1488 1386 1521 tuum
1411 1488 1490 1521 tan-

140 1538 222 1571 tum
243 1535 366 1569 VPH
385 1536 451 1569 tuo
476 1535 604 1569 tantus
625 1535 653 1569 S
675 1536 678 1576 Ι
702 1534 825 1570 amore
853 1533 951 1569 V²H
974 1537 1032 1579 (ex
1057 1545 1160 1569 amor
1184 1533 1246 1578 V2)
1273 1545 1399 1569 amore
1422 1533 1492 1568 PS

192 1586 234 1617 19
250 1593 361 1626 quam
375 1579 401 1615 t’
414 1581 451 1616 P
470 1582 475 1625 Ι
497 1581 536 1615 in
551 1580 697 1616 Christo
713 1582 740 1615 S
764 1581 802 1615 in
817 1581 1028 1626 exemplum
1041 1580 1078 1615 P
1097 1583 1101 1624 Ι
1126 1591 1292 1616 connexa
1308 1580 1344 1615 P
1363 1583 1368 1625 Ι
1390 1591 1490 1615 men-

141 1631 202 1664 tae
227 1631 269 1663 H
355 1632 400 1664 20
425 1629 490 1663 tiis
517 1628 545 1663 S
578 1630 583 1671 Ι
623 1627 741 1673 liqvor
774 1629 810 1672 (q
830 1632 958 1673 postea
984 1629 1100 1672 eraso)
1134 1628 1169 1662 V
1255 1632 1299 1662 21
1328 1629 1491 1671 Quorum

142 1687 204 1712 ore
231 1677 268 1712 P
288 1681 430 1711 rum0re
462 1675 518 1722 V}
540 1674 622 1720 pias
652 1676 687 1709 P
759 1679 802 1709 22
829 1674 965 1721 irrupit
990 1676 1050 1720 ΡΙ
1073 1677 1224 1710 uetusta
1257 1675 1290 1709 V
1360 1679 1405 1710 23
1431 1686 1492 1710 ex—

140 1725 246 1769 perte
270 1723 372 1768 poete
397 1724 456 1767 ΡΙ
484 1723 583 1757 noba
615 1723 663 1757 Vl
686 1725 689 1766 Ι
717 1721 838 1757 mobit
868 1723 915 1757 V¹
1013 1726 1058 1757 24
1084 1722 1201 1769 natis]
1227 1721 1347 1768 magis
1381 1722 1459 1757 VH
1485 1723 1489 1768 Ι

140 1782 333 1817 malesuad
359 1781 388 1818 S
407 1784 412 1827 Ι
434 1782 602 1827 paretem
635 1779 665 1816 V
683 1784 886 1854 parentum
915 1781 952 1815 P
1045 1785 1090 1816 25
1118 1782 1189 1829 set]
1224 1780 1281 1825 Vl
1304 1781 1392 1817 mici
1425 1782 1459 1816 V
1486 1782 1489 1827 Ι

141 1852 268 1898 fictae]
294 1852 374 1887 fure
400 1853 437 1887 P
464 1854 469 1897 Ι
504 1832 726 1897 simplicitas
759 1852 793 1886 V
888 1856 932 1887 26
958 1851 1095 1887 inculci
1121 1854 1159 1887 Π
1188 1853 1194 1895 Ι
1227 1851 1306 1898 rea]
1333 1863 1381 1886 rae
1408 1854 1448 1886 Π

141 1903 186 1934 27
213 1898 398 1945 prestingi
423 1902 463 1934 H
533 1903 578 1934 28
604 1899 708 1945 uero]
734 1899 867 1933 merito
895 1899 953 1944 ΡΙ
976 1899 1128 1944 grabius
1159 1899 1207 1935 V³
1233 1899 1382 1943 grauior
1408 1902 1446 1934 Π

141 1951 186 1982 29
213 1947 369 1982 uulnera
389 1947 417 1981 S
424 1946 482 1982 P?
504 1947 509 1992 Ι
530 1947 675 1992 tenera]
702 1949 799 1981 tetro
825 1948 866 1981 in
886 1957 958 1982 ras.
978 1959 1034 1991 pr.
1055 1950 1096 1981 ut
1114 1947 1191 1981 uid.
1220 1946 1250 1981 V
1275 1947 1406 1982 tanera
1428 1947 1463 1981 P
1484 1947 1488 1992 Ι

141 1993 276 2028 offense
310 1994 343 2027 V
374 1996 379 2038 Ι
414 1995 524 2039 culpa
549 1994 586 2029 P
678 1997 723 2028 30
750 1994 1110 2039 Diseussissetugum
1141 1993 1188 2028 V¹
1286 1998 1329 2028 31
1360 1994 1491 2029 studiis

142 2040 275 2076 studiis
306 2040 353 2075 Vl
379 2043 455 2083 (alt.
483 2043 589 2080 eras.)
612 2042 617 2087 Ι
645 2041 718 2075 huc
744 2041 803 2084 ΡΙ
825 2041 909 2086 nec]
936 2052 983 2076 ne
1017 2041 1050 2075 V
1071 2051 1117 2075 ne
1142 2052 1186 2075 eac
1211 2052 1257 2086 ge
1283 2042 1329 2075 al.
1356 2052 1492 2076 rasura

143 2099 234 2123 corr.
262 2089 300 2122 H
371 2092 415 2123 32
442 2088 591 2134 adsero]
625 2088 691 2123 Vs
714 2089 718 2132 Ι
740 2089 866 2132 partes
892 2089 929 2123 P
997 2092 1042 2123 33
1070 2087 1243 2133 Copulat]
1273 2087 1408 2133 Culpat
1427 2088 1455 2123 S
1483 2089 1486 2133 Ι

141 2134 262 2170 frena:
290 2146 312 2169 a
337 2146 380 2170 ex
406 2147 422 2170 ε
446 2147 503 2180 pr.
538 2136 569 2170 V
651 2140 697 2170 34
724 2135 928 2189 conpulsis]
959 2135 1036 2170 VH
1068 2138 1072 2179 Ι
1105 2135 1229 2181 inpar]
1262 2135 1373 2170 VHS
1444 2139 1489 2170 36

143 2181 258 2217 cicnis
291 2182 387 2217 V¹H
416 2183 534 2227 cignis
568 2182 617 2217 V2
648 2183 776 2228 cygnis
801 2182 871 2218 PS
903 2184 908 2227 Ι
942 2184 1086 2218 aedona.
1111 2183 1259 2226 (edonia
1285 2182 1332 2227 P)
1360 2193 1490 2227 parrae

142 2230 222 2265 PH
244 2229 335 2265 lolia
360 2229 473 2267 farre:
502 2231 568 2265 lect.
594 2229 685 2265 lolia
710 2231 728 2264 f
750 2241 789 2264 m
815 2241 906 2274 ras„
935 2231 1001 2265 litt.
1024 2240 1140 2277 atre]
1133 2233 1326 2265 renouatae
1353 2229 1401 2264 V‘2
1427 2240 1487 2273 cy

141 2276 240 2312 dona
263 2276 345 2322 pice
371 2277 401 2312 S
