1563 2511
672 57 988 100 -260—

155 167 253 209 misi
286 165 523 221 legendum.
585 164 667 206 hoc
700 164 813 206 enim
851 164 985 205 malui
1025 178 1152 218 quam
1185 164 1276 219 ipse
1308 163 1501 218 recitare,

155 228 270 268 esset
301 228 349 266 ut
380 224 459 266 tibi
493 238 671 265 censura
702 223 894 277 liberior,
928 237 1036 278 quae
1061 223 1226 264 duabus
1254 223 1392 264 causis
1424 222 1501 264 im-

154 285 292 339 pediri
325 284 453 325 solet:
488 283 601 337 quod
634 297 756 324 aures
782 285 954 324 nostras
981 281 1128 323 audita
1153 283 1340 323 uelocius
1373 296 1501 335 quam

157 344 270 385 lecta
313 344 587 397 praetereunt
624 343 667 382 et
707 341 820 396 quod
864 341 1089 382 sinceritas
1127 340 1345 382 iudicandi
1382 354 1501 394 prae-

157 402 296 443 sentia
334 401 556 442 recitantis
597 403 811 442 oneratur.
872 414 983 441 nunc
1020 400 1099 441 tibi
1134 402 1363 454 utrumque
1395 399 1500 440 inte-

157 475 281 517 grum
310 462 391 515 est,
418 460 518 514 quia
545 462 588 501 et
611 460 772 514 legenti
798 459 935 500 libera
961 473 1082 500 mora
1108 461 1172 500 est
1198 461 1241 500 et
1263 458 1502 499 iudicaturo

156 534 244 561 non
276 520 423 561 obstat
460 518 598 561 nostri
636 517 902 560 uerecundia.
967 519 1031 558 set
1069 517 1175 559 heus
1214 520 1279 569 tu,
1316 517 1377 558 fili
1415 517 1504 558 dul—

156 579 345 629 cissime,
383 578 522 619 habeo
561 577 673 632 quod
713 577 979 619 admoneam.
1043 577 1077 617 si
1110 591 1194 631 qua
1232 576 1315 618 tibi
1352 576 1398 617 in
1435 575 1503 617 his

156 637 381 679 uersiculis
414 636 673 678 uidebuntur
706 634 825 690 (nam
850 649 1016 687 uereor,
1049 638 1098 676 ut
1131 635 1269 676 multa
1301 633 1406 688 sint)
1439 634 1503 675 fu·

156 696 292 738 catius
333 696 589 737 concinnata
628 709 756 749 quam
795 695 936 735 uerius
970 696 1013 735 et
1043 694 1141 748 plus
1180 693 1337 736 coloris
1375 708 1504 748 quam

159 755 248 796 suci
288 754 466 808 habere,
504 754 595 808 ipse
630 753 765 795 sciens
798 753 928 794 fluere
967 753 1158 806 permisi,
1197 753 1427 794 uenustula
1458 755 1505 794 ut

158 815 300 855 essent
334 813 492 867 magis,
524 827 653 867 quam
685 811 907 864 forticula,
939 812 1077 853 instar
1110 812 1344 866 uirginum,

880 897 986 936 quas
1019 885 1179 923 matres
1213 883 1388 924 student

216 941 427 983 Demissis
447 941 605 982 umeris
621 955 726 995 esse,
745 941 890 983 uincto
911 943 1096 995 pectore,
1116 944 1164 982 ut
1182 942 1361 996 graciles
1383 941 1505 982 sient.

156 1013 272 1054 nosti
305 1015 455 1054 cetera.
519 1014 714 1066 superest
745 1012 899 1066 igitur,
937 1015 985 1053 ut
1017 1011 1150 1053 dicas:
1190 1011 1290 1065 quid
1323 1011 1505 1053 moraris

157 1072 462 1113 iudicationem
496 1085 635 1112 meam
668 1071 719 1112 de
751 1085 818 1121 eo,
857 1071 969 1125 quod
1001 1070 1094 1125 ipse
1125 1071 1380 1124 pronuntias
1413 1085 1506 1112 esse

158 1129 440 1172 mendosum?
469 1129 608 1171 dicam
637 1130 800 1171 scilicet
825 1144 892 1171 me
917 1129 1163 1171 huiusmodi
1187 1129 1381 1170 uersibus
1402 1129 1506 1170 foris

159 1190 427 1239 erubescere,
460 1190 525 1229 set
557 1189 673 1230 intra
703 1203 783 1230 nos
816 1189 957 1230 minus
990 1188 1286 1242 uerecundari3
1322 1202 1505 1242 namque

254 1328 356 1363 XXII
383 1331 425 1362 15
453 1328 648 1363 Terentius
668 1327 760 1362 Eun.
782 1328 816 1361 II
837 1332 869 1370 3,
891 1332 934 1362 22
957 1328 1053 1372 (313)
1071 1339 1123 1371 sq.
1151 1337 1243 1372 quas
1267 1328 1406 1362 matres
1433 1329 1507 1362 stu-

158 1377 248 1412 dent
268 1375 436 1411 demissis
463 1375 600 1410 umeris
626 1386 722 1418 esse,
748 1375 875 1410 uincto
902 1376 1066 1420 pectore,
1094 1377 1136 1409 ut
1160 1374 1325 1419 gracilae
1353 1375 1458 1410 sient.

255 1498 274 1528 3
300 1493 388 1539 hoc]
416 1494 507 1528 haec
531 1493 603 1527 TL
676 1496 698 1527 4
723 1491 878 1527 liborior
899 1492 959 1536 ΡΙ
982 1492 1120 1537 causis]
1147 1497 1208 1527 cas
1237 1492 1270 1526 T
1340 1495 1360 1526 5
1387 1492 1509 1538 aures]

159 1575 218 1620 res
248 1565 280 1598 T
307 1566 311 1607 Ι
345 1564 511 1598 belocius
545 1563 590 1598 V1
619 1565 624 1607 Ι
659 1563 787 1609 quam]
817 1549 865 1607 {a
899 1563 932 1597 V
1026 1568 1046 1598 6
1072 1553 1287 1608 praetereiit
1318 1563 1382 1608 Vl
1416 1562 1509 1597 iudi-

160 1623 242 1659 cadi
276 1623 332 1668 Vl
355 1623 408 1668 et]
436 1634 478 1658 eo
509 1623 541 1656 Τ
623 1626 641 1656 7
669 1623 870 1657 honeratur
903 1622 959 1668 V}
985 1620 1018 1657 (I
1044 1622 1151 1657 Nunc
1178 1622 1214 1656 P
1295 1625 1316 1656 8
1343 1623 1397 1656 est
1423 1621 1510 1666 quia

163 1715 204 1719 —-
232 1694 440 1728 iudicaturo
468 1704 533 1728 om.
556 1694 591 1727 Z
686 1697 706 1727 9
733 1682 934 1727 uerecddia
966 1693 1025 1735 Vl
1053 1693 1126 1739 set]
1162 1692 1219 1736 Vl
1249 1703 1312 1727 eus
1337 1677 1375 1727 tl
1401 1694 1437 1736 (v
1463 1693 1509 1727 al.

159 1743 220 1786 ss.)
248 1741 280 1775 V
382 1744 423 1775 10
449 1741 544 1776 abeo
574 1740 620 1775 V¹
655 1742 660 1784 1
701 1740 962 1775 adremoneam
989 1740 1026 1774 P
1054 1742 1057 1784 Ι
1098 1741 1136 1774 in
1162 1740 1218 1775 his
1244 1760 1289 1765 —
1315 1750 1445 1774 uereor
1470 1741 1511 1774 ut

161 1800 226 1824 om.
255 1789 290 1822 Z
309 1790 314 1832 Ι
343 1789 380 1822 in
406 1788 437 1822 is
472 1788 518 1822 V¹
595 1792 635 1822 11
662 1787 783 1822 multu
813 1787 846 1821 Τ
866 1788 985 1822 multo
1011 1787 1045 1822 G
1067 1788 1072 1831 Ι
1100 1787 1278 1833 fucatius]
1303 1787 1345 1821 tu
1373 1787 1509 1821 cartius

162 1848 199 1891 (v
225 1847 271 1882 αῖ.
298 1846 392 1890 «εδ-..9)
426 1847 460 1880 V
494 1847 580 1882 fuca
606 1842 674 1880 cm'
707 1845 740 1879 T
833 1850 874 1880 12
902 1846 1099 1881 concinam
1124 1846 1158 1881 V
1185 1846 1378 1881 concinata
1406 1845 1442 1879 P

164 1898 206 1929 13
233 1894 369 1928 habere
397 1905 507 1938 quam
534 1893 611 1928 suci
638 1893 697 1937 ΡΙ
726 1894 823 1928 succi
853 1894 925 1928 TG
947 1895 952 1938 Ι
981 1893 1091 1928 abere
1125 1893 1171 1927 1⁷¹
1198 1893 1333 1928 habere
1358 1891 1509 1928 uidean-

160 1944 222 1976 tur
248 1941 280 1975 G
311 1944 314 1983 Ι
350 1941 478 1986 fluere]
506 1941 591 1975 flere
618 1940 655 1974 P
748 1944 791 1975 14
818 1942 881 1975 ffit
910 1941 942 1974 T
965 1942 1063 1975 esset
1089 1941 1122 1975 G
1151 1943 1154 1983 Ι
1185 1940 1357 1975 ferticula
1383 1940 1419 1974 P
1439 1940 1509 1974 fer-

160 1999 266 2034 ticila
295 1999 361 2043 ΡΞ)
438 2003 479 2034 15
507 2000 633 2034 studet
666 1998 700 2032 V
772 2003 813 2033 16
841 1999 1003 2034 dimissis
1035 1999 1082 2033 V²
1108 2000 1134 2043 (i
1159 2011 1214 2043 pr.
1241 2000 1283 2034 in
1307 2000 1410 2043 raa),
1435 1998 1510 2034 PL

164 2046 325 2082 Terentii
350 2048 454 2081 schol.
480 2049 484 2088 1
512 2046 649 2080 umeris
676 2045 721 2079 V1
748 2045 911 2080 humeris
939 2046 1068 2081 V²PZ
1087 2047 1091 2091 Ι
1119 2047 1246 2081 uincto
1267 2045 1446 2091 —igitur
1470 2047 1511 2081 ut

163 2105 228 2129 om.
252 2093 284 2128 T
309 2096 314 2138 Ι
349 2093 449 2128 uicto
485 2094 517 2127 V
540 2094 665 2128 iuncto
696 2092 728 2127 G
758 2100 761 2136 Ι
795 2096 945 2137 pectore
973 2104 1052 2128 csse
1080 2094 1139 2137 ΘΙ
1169 2091 1336 2138 gra'ciles
1370 2093 1404 2127 V
1431 2094 1436 2136 Ι
1470 2093 1512 2128 ut

163 2140 320 2185 graciles
348 2161 391 2165 —
418 2139 534 2186 igitur
559 2142 601 2174 ut
626 2151 691 2175 om.
720 2140 753 2175 G
793 2142 797 2182 Ι
839 2141 912 2175 sint
939 2141 975 2174 P
1072 2144 1113 2175 17
1142 2140 1260 2175 dicas:
1287 2140 1364 2175 icas
1387 2152 1443 2185 pr.
1471 2141 1512 2175 in

163 2199 233 2223 ras.
264 2187 297 2222 Τ
329 2191 333 2231 Ι
375 2188 479 2233 quid]
507 2200 540 2232 q,
571 2187 605 2222 G
703 2191 745 2221 18
772 2187 850 2232 ipse
876 2199 942 2222 om.
974 2188 1005 2222 T
1101 2191 1142 2222 19
1170 2188 1251 2222 uius
1286 2188 1332 2221 V¹
1366 2190 1370 2230 Ι
1411 2187 1512 2222 modi

163 2246 228 2270 om.
247 2235 283 2269 P
354 2238 399 2269 20
426 2236 495 2279 set]
532 2235 565 2268 V
588 2235 651 2270 sed
674 2235 710 2269 P
730 2236 736 2280 Ι
758 2235 823 2269 sed
850 2256 894 2260 —
920 2246 989 2280 ego
1015 2246 1079 2270 om.
1099 2236 1132 2269 Z
1152 2237 1156 2280 Ι
1180 2235 1421 2270 berecundari
1446 2234 1483 2269 V
1503 2234 1507 2277 1

164 2294 339 2340 namque]
367 2284 487 2339 115an
519 2294 553 2328 V

1532 587 1563 617 1(

1534 893 1563 922 1ἱ

1532 1199 1563 1229 24
