1563 2511
618 69 667 74 m
733 45 902 86 23—

146 150 287 192 Vitati
319 152 464 192 coetus
498 150 734 204 eiuratique
766 150 978 191 tumultus

203 208 262 250 Et
295 223 462 263 semper
493 209 617 251 fictae
649 209 893 263 principum
926 209 1152 251 amicitiae.

145 268 387 322 Deliquisse
422 267 530 308 nihil
561 282 797 322 numquam
828 267 998 308 laudem
1031 283 1123 310 esse
1156 270 1305 323 putaui

207 326 348 381 Atque
381 327 516 368 bonos
550 341 688 368 mores
722 326 890 381 legibus
924 327 1119 368 antetuli.

144 385 277 427 Irasci
308 388 534 440 promptus
567 385 794 440 properaui
828 385 1009 427 condere
1042 389 1208 427 motum
1389 398 1433 429 35

204 444 347 499 Atque
380 444 487 485 mihi
518 459 679 499 poenas
712 459 790 498 pro
823 444 1001 485 leuitate
1034 444 1142 486 dedi.

145 502 401 556 Coniugium
439 517 515 557 per
546 504 683 545 lustra
714 517 867 545 nouem
901 503 993 544 sine
1026 504 1202 545 crimine
1236 519 1407 546 concors

201 562 345 603 Vnum
377 562 529 604 habui:
563 565 716 618 gnatos
751 564 952 617 quattuor
986 562 1204 604 edidimus.

141 620 286 662 Prima
318 621 426 663 obiit
457 622 643 675 lactans3
677 624 722 662 at
754 622 826 675 qui
857 621 940 662 fuit
973 621 1150 663 ultimus
1184 623 1297 676 aeui,

200 680 428 721 Pubertate
461 681 555 722 rudi
587 695 675 721 non
707 680 824 722 rudis
857 680 1035 721 interiit.
1387 692 1431 723 40

141 738 354 780 Maximus
388 740 440 780 ad
473 754 687 781 summum
721 740 916 781 columen
949 739 1148 793 peruenit
1179 739 1402 794 honorum,

198 797 443 839 Praefectus
477 797 611 840 Gallis
645 801 687 840 et
718 798 880 852 Libyae
914 801 956 839 et
987 797 1132 851 Latio,

139 855 434 911 Tranquillus,
468 858 671 911 clemens,
705 857 856 911 oculis,
889 871 1010 911 uoce,
1044 871 1115 898 ore
1150 871 1341 908 serenus,

198 915 249 956 In
281 916 477 970 genitore
512 931 587 957 suo
620 918 764 957 mente
798 916 1026 970 animoque
1058 930 1174 969 puer.

139 974 278 1015 Huius
308 988 386 1028 ego
414 977 456 1015 et
482 978 630 1016 natum
659 977 701 1016 et
727 989 932 1030 generum
958 989 1035 1028 pro
1062 975 1235 1016 consule
1254 975 1359 1030 uidi3
1386 986 1430 1017 45

200 1032 361 1074 Consul
393 1035 441 1074 ut
473 1034 564 1088 ipse
596 1034 726 1087 foret,
760 1048 857 1088 spes
890 1033 997 1074 mihi
1030 1037 1146 1074 certa
1178 1034 1270 1075 fuit.

138 1090 378 1133 Matronale
413 1092 539 1133 decus
572 1093 764 1146 possedit
795 1092 904 1146 filia,
936 1093 1054 1133 cuius

195 1150 386 1205 Egregia
419 1153 461 1192 et
491 1153 652 1204 nuptae
683 1152 778 1193 laus
813 1153 906 1192 erat
940 1153 982 1192 et
1013 1151 1179 1192 uiduae.

139 1209 255 1259 Quae
287 1209 379 1250 nati
411 1209 643 1265 generique
677 1213 719 1251 et
751 1210 978 1264 progeneri
1011 1210 1139 1251 simul
1172 1211 1363 1251 omnium

197 1267 427 1322 Multiplici
459 1269 660 1310 inlustres
695 1269 804 1310 uidit
834 1269 997 1310 honore
1030 1269 1191 1310 domos.
1385 1280 1428 1311 50

135 1327 232 1381 Ipse
264 1341 342 1369 nec
376 1327 591 1369 adfectans
624 1343 702 1369 nec
734 1328 994 1369 detrectator
1025 1327 1236 1369 honorum

138 1396 147 1403 ·
195 1385 443 1427 Praefectus
476 1387 622 1442 magni
653 1401 877 1441 nuncupor
906 1387 1080 1441 Illyrici.

141 1444 259 1486 Haec
292 1459 358 1486 me
390 1446 590 1487 fortunae
622 1446 745 1501 larga
776 1446 1044 1501 indulgentia
1076 1446 1213 1487 suasit

195 1503 381 1546 Numine
415 1505 593 1546 adorato
626 1506 739 1546 uitae
773 1506 937 1546 obitum
969 1508 1131 1559 petere,

134 1561 199 1603 Ne
232 1562 475 1605 fortunatae
508 1564 696 1618 spatium
729 1564 979 1606 inuiolabile
1012 1564 1128 1605 uitae
1383 1575 1427 1606 55

196 1621 337 1663 Fatali
369 1637 514 1664 morsu
548 1623 777 1678 stringeret
809 1623 899 1664 ulla
931 1622 1032 1664 dies.

171 1730 214 1760 31
242 1726 368 1771 uitatis
398 1726 431 1760 V
537 1731 581 1761 33
607 1726 697 1761 nicil
730 1727 764 1761 V
870 1730 914 1761 34
946 1726 1065 1770 adque
1097 1726 1143 1760 Vl
1253 1731 1296 1761 35
1325 1730 1355 1762 et
1383 1731 1426 1762 36

74 1783 141 1808 om.
176 1773 210 1806 V
293 1777 335 1808 37
365 1784 515 1808 concors
549 1774 596 1808 V‘J
623 1785 771 1809 consors
807 1774 898 1807 V1Z
982 1777 1025 1808 38
1053 1773 1140 1807 abui
1171 1773 1228 1816 Vl
1251 1775 1428 1818 quattuor

75 1819 258 1855 edidimus
293 1821 326 1854 V
348 1821 414 1855 tris
440 1832 592 1855 numero
619 1821 731 1866 genui
758 1822 793 1855 Z
888 1825 930 1856 39
959 1823 997 1856 et
1022 1825 1067 1856 40
1093 1831 1158 1856 om.
1185 1821 1219 1854 Z
1307 1826 1351 1857 39
1379 1823 1428 1857 ad

82 1879 130 1913 Vl
204 1883 247 1914 41
275 1879 445 1914 columen
470 1880 524 1914 Vi
547 1882 634 1924 (-me
661 1881 705 1924 V)
727 1880 874 1915 culmen
897 1880 969 1914 ΤΘ
993 1882 996 1924 l
1020 1880 1167 1914 culmen
1195 1891 1378 1915 summum
1396 1882 1429 1916 T

122 1930 164 1961 42
191 1926 304 1961 libiae
336 1926 370 1960 V
391 1927 515 1970 lybiae
543 1929 577 1961 Z
671 1931 715 1962 43
743 1940 808 1963 om.
836 1928 870 1961 Z
899 1929 992 1972 (cum
1017 1929 1136 1972 spatio
1163 1929 1275 1963 unius
1300 1940 1426 1964 uersus

74 1984 193 2009 uacuo
218 1974 261 2008 in
282 1973 314 2008 Τ
323 1973 370 2018 G)
393 1975 398 2019 Ι
422 1985 484 2008 ore
510 1986 575 2009 om.
605 1975 652 2008 ἶκ71
673 1976 733 2018 (αῖ.
754 1977 802 2019 ss)
871 1979 916 2009 44
941 1986 1033 2019 puer
1056 1975 1198 2018 Peiper,
1223 1977 1331 2020 pater
1358 1976 1430 2010 VZ

112 2024 157 2055 47
177 2020 346 2065 possidet
364 2021 466 2056 Tsed
481 2033 538 2066 pr.
556 2033 645 2058 corr.
706 2026 750 2058 48
766 2022 952 2066 Aegregia
972 2023 1004 2056 V
1060 2026 1104 2057 49
1125 2023 1338 2069 progeneri]
1359 2035 1425 2067 pro

74 2068 144 2113 g‘fi‘e
163 2067 231 2102 tris
248 2068 280 2101 T
292 2069 547 2113 progeneretri
559 2072 577 2104 λ
596 2070 598 2115 }
618 2069 798 2115 omnium]
816 2069 893 2104 onis
913 2071 943 2104 T
956 2070 1069 2105 omnu
1083 2070 1115 2105 G·
1171 2073 1216 2104 50
1230 2070 1423 2116 inlustres]

82 2138 139 2183 τη
162 2135 287 2173 doffios
308 2135 330 2182 ('
346 2139 484 2184 dezpr.)
503 2139 534 2173 T
597 2143 639 2175 51
656 2140 916 2176 detractatorz
986 2146 1028 2175 52
1050 2125 1191 2185 hynffti
1211 2141 1378 2175 Vina-101
1395 2141 1428 2175 T

76 2190 119 2220 53
145 2184 224 2219 Nee
254 2184 308 2229 ΤΙ
330 2186 500 2221 furtunae
533 2187 580 2221 V¹
602 2188 607 2231 1
631 2187 763 2222 suasit:
791 2187 839 2223 sit
865 2189 906 2223 in
931 2199 1003 2224 νας.
1031 2190 1076 2223 αῖ.
1106 2189 1139 2223 V
1210 2192 1254 2223 54
1281 2188 1424 2222 obitum

84 2268 117 2301 V
140 2268 307 2303 habitum
336 2271 361 2302 z
472 2273 515 2304 55
541 2269 756 2305 inuiolanfle
790 2270 824 2304 V
927 2275 971 2305 56
999 2244 1096 2306 satin
1129 2271 1163 2305 V
1186 2272 1232 2305 az.
1259 2281 1287 2305 C.
1322 2272 1326 2314 1
1362 2270 1426 2304 ad-
