1563 2511
550 115 598 120 --
663 103 853 132 LXXXVII
915 115 970 119 —

89 199 433 251 Hieronymus
472 197 746 249 Auantius,
787 211 882 237 cum
921 196 1075 237 iterum
1117 196 1292 238 Venetas
1323 200 1433 238 1507

90 256 397 298 emendandum
449 255 684 309 susciperet
727 254 979 297 Ausonium.
1040 269 1176 309 neque
1226 270 1313 296 non
1362 255 1432 296 hic

88 329 252 370 quoque
290 315 443 367 multa,
488 328 595 368 quae
634 314 848 368 prioribus
887 313 1107 368 incognita
1145 314 1338 367 fuerunt,
1383 328 1433 355 ex

90 374 259 429 scriptis
293 373 415 415 libris
448 373 628 414 inseruit
658 372 790 413 uariis
817 373 932 414 locis.
984 374 1026 412 et
1050 373 1235 426 primum
1263 373 1433 427 quidem

87 433 114 475 f.
140 434 199 474 4¹:
240 432 472 474 Theodosii
510 432 741 486 epistulam
768 431 1034 485 Ausoniique
1067 431 1120 472 ad
1145 431 1433 473 Theodosium

89 506 259 533 carmen
295 493 338 532 et
369 488 415 546 (f.
442 488 510 546 4¹²)
543 490 884 545 Pythagoricum
917 490 966 531 de
1000 490 1285 545 ambiguitate
1319 490 1433 532 uitae

88 549 326 604 eligendae3
373 549 523 590 deinde
562 549 589 591 f.
615 550 833 591 23ῑ1-ο2ἷ)11
871 549 921 590 ad
959 547 1186 589 Paulinum
1225 549 1433 603 epistulas

86 607 231 651 XXVI
263 612 305 650 et
335 608 505 650 XXVII
537 606 642 663 (416
669 610 710 649 et
735 607 840 662 417)
874 622 968 648 cum
994 607 1166 648 Paulini
1192 607 1271 661 Ep.
1291 607 1435 649 XXXI

91 668 308 722 19—-1023
335 667 485 708 deinde
505 667 534 709 f.
548 668 620 708 60r
634 666 945 708 Genethliacon
967 666 1018 707 ad
1038 669 1255 721 nepotem3
1283 666 1434 708 deinde

86 727 114 768 f.
142 727 214 768 69Γ
251 726 496 780 Symmachi
530 731 572 767 et
603 726 769 767 Ausoni
801 726 1006 779 epistulas
1038 728 1126 766 tres
1160 724 1292 779 (infra
1324 726 1435 779 Epp.

86 782 274 840 I—III),
317 785 344 825 f.
379 786 450 826 70r
486 784 658 827 quenci
697 784 915 826 Historiae
953 785 1224 839 euangelicae
1263 784 1435 826 initium

88 844 178 885 sine
218 844 363 898 titulo,
401 843 428 885 f.
458 844 674 885 'mu—73¹²
704 843 877 884 Paulini
916 843 969 884 ad
1003 843 1243 884 Ausonium
1283 846 1436 897 cetera,

86 917 240 957 nempe
272 903 352 957 Ep.
380 902 527 944 XXXI
556 903 710 953 1-18,
741 902 820 957 Ep.
846 901 979 955 XXX,
1011 901 1091 956 Ep.
1117 902 1263 943 XXXI
1293 902 1428 943 103—

87 962 173 1004 284
201 960 449 1016 (285——331
483 976 571 1002 non
601 959 791 1016 habuit),
824 964 1042 1014 postremo
1075 961 1195 1002 {1801
1220 964 1319 1015 post
1347 959 1437 1002 Sul-

87 1021 223 1075 piciae
262 1035 435 1062 carmen
475 1020 638 1061 addidit
677 1020 726 1061 de
766 1022 905 1061 matre
943 1019 1130 1074 Augusti
1171 1021 1435 1074 epigramma

87 1078 217 1134 (infra
249 1095 288 1133 p.
313 1080 397 1120 417
432 1078 596 1134 VII).*)

175 1149 322 1191 Etiam
354 1149 399 1190 in
431 1149 643 1203 poematis
677 1151 776 1190 ante
803 1149 927 1190 editis
955 1163 1016 1201 eo,
1049 1149 1160 1203 quod
1188 1149 1324 1190 multa
1350 1163 1437 1190 me-

88 1209 171 1249 lius
207 1208 388 1262 scripsit,
420 1223 535 1249 noua
567 1207 757 1249 subsidia
788 1210 962 1261 praesto
987 1208 1120 1248 fuisse
1147 1207 1336 1249 Auantio
1365 1208 1437 1249 do-

89 1281 245 1309 cemur.
279 1267 331 1308 cf.
351 1267 459 1321 Epp.
474 1266 687 1308 XXVIIII
701 1264 827 1322 (418)
847 1266 930 1308 XII
946 1265 1070 1321 (406)
1092 1266 1222 1307 XIIII
1237 1264 1362 1322 (393)
1386 1267 1438 1308 al.

91 1326 243 1380 quodsi
276 1327 532 1380 quaerimus,
571 1340 678 1380 quae
713 1326 873 1366 fuerint
906 1340 955 1366 ea
992 1325 1201 1366 subsidia:
1239 1340 1326 1367 non
1358 1325 1439 1366 fuit

88 1384 348 1426 Harleianus
374 1385 501 1438 2613,
528 1385 571 1425 in
600 1399 682 1438 quo
711 1385 864 1425 desunt
888 1383 1060 1425 Paulini
1087 1399 1120 1426 c.
1139 1384 1178 1425 X
1204 1400 1273 1427 UU.
1298 1385 1435 1426 167-

89 1445 188 1498 284,
217 1459 322 1498 quos
349 1443 422 1484 ille
450 1443 591 1484 edidit.
631 1446 758 1497 atque
779 1443 910 1485 alium
931 1443 1094 1484 fontem
1114 1443 1204 1498 ipse
1226 1444 1438 1484 Auantius

86 1504 131 1544 in
152 1503 418 1556 praefatione
438 1502 610 1555 indicat,
640 1517 723 1556 qua
749 1502 800 1543 de
826 1517 870 1544 re
896 1502 982 1544 uid.
1009 1517 1138 1556 supra
1162 1517 1201 1556 p.
1222 1501 1423 1543 XXXXV

89 1561 265 1603 quenci
303 1575 450 1602 uersus
489 1576 576 1602 non
609 1560 785 1602 dubium
818 1561 921 1616 quin
956 1575 1005 1602 ex
1037 1562 1173 1603 altero
1206 1560 1439 1602 Harleiano

87 1617 385 1675 habue1·it**),
434 1619 753 1675 Pythagoricon
800 1635 851 1661 ex
895 1619 1111 1672 Gudiano,
1162 1620 1207 1660 in
1253 1620 1438 1674 epistula

93 1678 264 1720 XXVII
292 1678 483 1735 (XXIIII
515 1677 619 1734 417)
661 1679 795 1720 altero
831 1678 1034 1720 Vossiani
1073 1679 1296 1720 simillimo
1329 1679 1440 1721 libro

89 1753 190 1779 usus
225 1738 300 1791 sit,
332 1739 404 1792 qui
436 1738 546 1779 liber
578 1740 669 1778 erat
701 1738 878 1791 lacunis,
911 1752 1015 1792 quas
1042 1738 1175 1778 habet
1202 1737 1436 1780 Parisinus.

90 1797 297 1851 „Ausonii
337 1797 649 1851 epigrammata
686 1811 763 1850 per
802 1797 1021 1838 dominum
1060 1795 1441 1839 Bartholomaeum

90 1856 285 1910 reperta“
326 1854 405 1911 (sic
444 1857 554 1897 enim
595 1855 834 1909 inscripsit,
873 1870 1133 1910 quamquam
1167 1858 1315 1897 auctus
1349 1858 1442 1897 erat

91 1929 294 1955 numerus
326 1915 507 1956 istorum
541 1915 902 1969 epigrammatum
928 1918 1029 1969 post
1054 1914 1439 1956 Bartholomaeum

93 1971 324 2028 Merulam)
358 1973 469 2014 unde
501 1973 718 2027 fluxerint,
747 1987 799 2014 ne
825 1972 1036 2014 Auantius
1064 1973 1233 2028 quidem
1262 1974 1440 2028 aperuit.

188 2124 221 2169 *)
246 2123 495 2169 fragmentum
523 2134 602 2158 esse
629 2124 818 2166 carminis,
853 2135 925 2167 quo
950 2123 1059 2158 Liuia
1085 2123 1356 2167 celebrabatur,
1384 2136 1439 2158 su-

93 2171 258 2216 spicatur
285 2171 456 2206 Schenkl.

172 2230 222 2275 **)
250 2241 333 2264 nam
362 2230 425 2264 alii
453 2240 597 2274 quoque
624 2230 710 2264 libri
736 2231 777 2264 ut
803 2230 1006 2265 Vaticanus
1034 2229 1198 2265 Accursii
1226 2229 1319 2264 illud
1345 2229 1440 2274 frag—

96 2278 260 2311 mentum
287 2278 435 2321 habent,
462 2278 501 2311 in
526 2277 629 2312 nullo
656 2279 781 2312 tamen
807 2280 963 2322 excepto
984 2277 1185 2312 Harleiano
1207 2276 1360 2311 Ausonii
1380 2287 1442 2312 no-

94 2335 179 2358 men
203 2324 422 2369 inscriptum
450 2327 516 2359 est.
