1563 2511
605 79 922 120 —307—

105 182 397 239 Curarumque
429 183 570 235 labor,
601 184 762 237 placuit
792 186 1064 238 praeuertere
1097 199 1219 227 casus

103 241 333 296 Proposito
367 244 409 284 et
440 257 563 284 curas
595 243 719 284 finire
753 243 981 297 superstite
1013 244 1105 286 uita

104 299 468 356 Communemque
501 300 608 343 adeo
640 303 822 342 uentura
851 301 896 342 in
929 303 1099 344 saecula
1131 303 1257 345 rebus

99 359 339 414 Expectare
370 362 534 401 trucem
567 374 715 401 securo
747 362 919 414 pectore
952 364 1147 403 mortem.

101 416 145 459 Si
176 419 317 473 placet
347 418 446 474 hoc,
479 420 650 474 gratare
682 419 745 460 tui
779 433 852 473 spe
886 419 1019 460 diuite
1053 420 1196 461 amici:
1377 431 1445 463 330

100 475 146 518 Si
178 479 326 519 contra
357 480 439 532 est,
471 476 645 520 Christo
677 479 848 518 tantum
881 493 948 520 me
981 478 1125 534 linque
1158 479 1343 532 probari.

27 640 149 666 xxxn
170 639 301 671 [Paulini
320 647 343 666 c.
357 639 418 672 Im]
561 627 741 663 ORATIO
767 627 977 663 PAVLINI.

99 699 379 755 Omnipotens
412 700 583 755 genitor
614 715 774 755 rerum,
807 701 875 742 cui
908 715 1076 742 summa
1106 704 1315 756 potestas,

96 758 281 813 Exaudi,
315 759 350 800 si
382 759 495 800 iusta
526 773 696 814 precor:
727 774 781 801 ne
814 759 871 800 sit
901 759 1006 800 mihi
1038 760 1176 802 tristis

95 817 197 859 Vlla
230 817 337 871 dies,
368 818 582 871 placidam
614 833 698 860 nox
731 821 904 872 rumpat
934 819 1055 860 nulla
1087 820 1282 871 quietem.

95 875 186 918 Nec
218 877 418 930 placeant
450 876 591 918 aliena
623 877 745 931 mihi,
779 877 882 930 quin
915 880 957 918 et
988 892 1083 919 mea
1114 879 1283 932 prosint

97 934 368 990 Supplicibus
401 935 626 990 nullusque
658 935 816 977 habeat
847 936 954 976 mihi
986 938 1088 977 uota
1119 937 1299 979 nocendi
1421 948 1441 980 5

95 995 183 1035 Aut
214 994 374 1035 habeat
404 995 602 1036 nocitura
633 994 752 1036 mihi.
802 995 913 1036 male
947 994 1055 1036 uelle
1086 994 1268 1037 facultas

94 1052 227 1094 Nulla
260 1053 315 1094 sit
347 1067 394 1094 ac
426 1053 535 1094 bene
565 1068 692 1107 posse
726 1053 837 1094 adsit
868 1054 1103 1107 tranquilla
1132 1057 1340 1108 potestas.

94 1110 217 1153 Mens
250 1114 453 1153 contenta
487 1126 561 1154 suo
594 1127 671 1154 nec
703 1112 818 1166 turpi
850 1112 994 1154 dedita
1026 1113 1145 1154 lucro

94 1169 253 1212 Vincat
285 1185 512 1224 corporeas
545 1173 663 1212 casto
697 1171 803 1212 bene
836 1171 1005 1212 conscia
1036 1172 1148 1213 lecto

94 1228 354 1283 Inlecebras,
386 1232 617 1284 turpesque
649 1229 767 1272 iocos
801 1230 1069 1284 obscenaque
1103 1230 1218 1272 dieta
1398 1243 1440 1274 10

94 1287 243 1329 Oderit
278 1288 353 1330 illa
384 1302 543 1330 nocens
577 1290 619 1329 et
650 1289 835 1330 multum
867 1290 993 1343 grata
1025 1289 1226 1344 malignis

93 1347 281 1388 Auribus
315 1346 447 1389 effuso
481 1361 649 1401 semper
679 1362 753 1389 rea
785 1347 934 1402 lingua
966 1362 1143 1390 ueneno.

91 1404 191 1447 Non
225 1406 343 1448 obitu
377 1405 557 1461 adfligar
589 1406 839 1461 cuiusquam
872 1408 947 1448 aut
979 1406 1126 1447 funere
1159 1421 1364 1462 crescam,

92 1463 312 1506 Inuideam
346 1480 579 1519 numquam
612 1465 810 1520 cuiquam
841 1479 919 1506 nec
951 1465 1136 1506 mentiar
1166 1481 1380 1520 umquam.

91 1523 220 1564 Adsit
251 1525 365 1565 laeta
398 1524 547 1565 domus
581 1525 800 1578 epulisque
834 1523 1011 1565 adludat
1042 1524 1244 1579 inemptis
1396 1536 1438 1567 15

91 1582 236 1623 Verna
269 1586 388 1624 satur
419 1582 612 1636 fidusque
645 1597 786 1624 comes
817 1582 1063 1636 nitidusque
1095 1583 1307 1638 minister,

185 1674 322 1709 XXXII
348 1675 393 1709 ct.
420 1674 558 1709 Auson.
585 1674 739 1719 Ephem.
769 1674 896 1708 Oratio
923 1676 970 1718 (u.
999 1678 1043 1709 64
1065 1677 1158 1719 sqq.)

188 1725 230 1756 10
263 1721 368 1756 Iocus
402 1721 546 1766 generis
578 1721 790 1764 masculini,
822 1722 865 1755 ut
895 1721 1074 1756 Paulinus
1109 1721 1333 1756 ‘inlecebras
1359 1724 1435 1756 tur-

89 1778 227 1814 pesque
254 1769 370 1804 iocos’
399 1770 441 1803 cle
466 1769 589 1804 dubiis
613 1779 706 1804 nom.
735 1768 810 1812 (Gr.
837 1769 901 1803 lat.
929 1768 974 1812 V)
1003 1772 1083 1813 581,
1110 1773 1153 1804 17
1173 1767 1216 1801 Κ.

185 1856 253 1886 326
284 1852 496 1896 preuertere
530 1851 626 1885 V¹H
708 1853 775 1884 328
804 1848 1097 1895 Communesque
1132 1850 1210 1885 VH
1234 1850 1436 1886 communi-

88 1910 158 1943 que
185 1899 214 1934 S
237 1909 326 1934 corr.
355 1899 485 1942 Periper
519 1899 523 1940 Ι
558 1896 651 1932 adeo
678 1897 808 1941 Peiper
840 1897 908 1932 deo
943 1897 1053 1932 VHS
1087 1900 1090 1941 Ι
1126 1895 1214 1932 scl'a
1248 1897 1282 1931 V
1311 1897 1436 1933 secula

86 1945 160 1981 HS
182 1947 186 1989 Ι
214 1945 316 1980 ribus
336 1945 373 1980 P
440 1949 509 1980 330
527 1944 665 1989 tuisspe
689 1944 724 1979 V
743 1949 746 1987 ἢ
770 1943 910 1979 diuitae
925 1946 964 1978 Π
988 1944 1132 1991 diuites]
1149 1946 1182 1989 (e
1202 1946 1243 1979 in
1261 1946 1345 1989 ras.)
1368 1945 1402 1980 V
1429 1945 1432 1990 l

88 1992 221 2028 amice:
255 2003 273 2027 e
299 1993 340 2027 in
364 2002 435 2028 ras.
465 1992 499 2026 V

182 2039 319 2074 XXXII
344 2052 473 2074 meimr
500 2051 628 2074 onum
656 2038 708 2073 sEI
733 2050 873 2074 numm
901 2038 977 2072 VH
1001 2040 1054 2082 (Π
1073 2056 1115 2067 =
1135 2039 1256 2074 Paris.
1272 2041 1385 2083 7558)

91 2092 106 2122 1
134 2091 230 2123 totus
256 2097 382 2123 uersus
406 2087 615 2122 uncialibus
641 2097 671 2130 q.
694 2087 727 2120 d.
751 2086 932 2120 litterisH
1004 2090 1022 2120 2
1049 2086 1136 2121 mici
1155 2086 1190 2120 V
1257 2090 1278 2120 4
1303 2086 1435 2121 1³10sint

325 2142 342 2160 a

95 2169 129 2203 V
199 2173 218 2204 5
244 2169 350 2204 hab&
375 2169 462 2204 mici
490 2169 522 2203 V
593 2173 612 2204 6
639 2168 746 2212 mihi]
774 2168 860 2202 mici
888 2168 921 2201 V
943 2167 1037 2202 nihil
1062 2170 1102 2202 H
1174 2172 1192 2203 7
1219 2168 1276 2214 ac]
1305 2168 1376 2203 hac
1403 2167 1439 2204 V

89 2219 127 2252 at
154 2217 263 2263 uulyo
337 2220 356 2251 8
383 2217 570 2252 contemta
594 2216 651 2261 Vl
675 2214 817 2259 dedis‘ta
837 2217 867 2258 (c
889 2217 1002 2259 eraso)
1030 2215 1065 2250 V
1134 2218 1153 2249 9
1179 2214 1337 2250 Vinceat
1355 2214 1403 2250 V1
1427 2215 1431 2262 Ι

89 2275 291 2308 corporaeas
317 2266 357 2298 H
452 2267 494 2298 10
525 2263 644 2309 turpis
670 2265 709 2297 Π
805 2266 846 2296 1-2
881 2262 997 2297 offuso
1024 2262 1218 2304 Heinsius,
1248 2262 1360 2298 Sebis.

92 2315 132 2345 13
161 2311 303 2354 obitum
331 2310 477 2356 affligar
502 2313 541 2345 H
638 2314 679 2345 15
707 2310 761 2344 Da
789 2308 837 2345 sit
862 2309 1040 2344 Heinsius
1064 2311 1067 2353 Ι
1091 2309 1231 2354 aepulis
1260 2309 1295 2344 V

1146 2371 1219 2402 20*

1463 2040 1548 2073 VH
