1563 2511
652 56 973 98 —282—

142 162 310 217 Oppida
342 162 621 216 Hiberorum,
654 161 895 203 Tarbellica
925 161 1011 202 iam
1043 163 1162 202 tenet
1194 175 1313 215 arua,
1423 171 1490 203 125

140 221 410 274 Hebromagi
442 221 528 261 iam
558 223 675 262 tecta
707 220 841 274 subit,
873 220 959 261 iam
991 220 1164 274 praedia
1194 219 1343 261 fratris

141 280 296 321 Vicina
328 279 586 334 ingreditur,
618 279 705 321 iam
737 280 900 321 labitur
931 293 1056 320 amne
1088 278 1272 320 secundo

141 338 320 393 Iamque
352 339 397 379 in
430 341 660 392 conspectu
692 340 777 379 est:
810 339 895 379 iam
928 352 1056 392 prora
1087 337 1327 379 obuertitur
1355 337 1490 378 amni:

141 397 453 452 Ingressusque
487 398 552 438 sui
584 397 800 438 celebrata
830 411 907 452 per
939 397 1050 438 ostia
1081 399 1231 450 portus

143 455 301 498 Totum
334 456 599 497 occursantis
631 455 780 511 populi
812 455 1102 510 praeuertitur
1134 468 1290 510 agmen
1425 465 1491 496 130

140 513 200 556 Et
233 529 310 556 sua
341 515 606 569 praeteriens
639 515 725 556 iam
757 515 843 556 iam
875 516 951 555 tua
982 513 1134 555 limina
1166 511 1345 567 pulsat.“

142 572 368 615 Credimus
402 588 474 628 an,
506 574 578 627 qui
611 576 775 627 amant,
806 573 891 627 ipsi
922 572 1006 613 sibi
1038 573 1206 614 somnia
1237 570 1435 627 fingunt?

70 701 210 726 XXVIII
231 702 292 732 1416
319 700 374 732 Ep.
390 702 485 732 xxux]

272 746 338 781 AD
366 746 574 781 EVNDEM
599 746 824 781 PONTIVM
848 745 1105 781 PAVLINVM
1130 745 1366 780 EPISTVLA

592 792 804 828 SVBOEDE
831 792 1043 828 SCRIPTA.

140 877 344 919 Proxima
377 891 484 932 quae
516 879 692 918 nostrae
722 877 864 918 fuerat
897 877 1161 931 querimonia
1193 876 1386 927 chartae,

141 934 435 989 Credideram,
470 936 582 990 quod
614 938 670 990 te,
702 936 898 989 Pauline,
929 936 1145 977 inflectere
1179 938 1329 990 posset

140 993 412 1048 Eliceretque
444 995 756 1036 tuam-blanda
788 995 1031 1049 obiurgatio
1064 1009 1226 1036 uocem.

143 1051 216 1094 Set
248 1055 295 1094 tu
325 1054 479 1095 iuratis
511 1054 632 1095 uelut
663 1054 752 1095 alta
785 1053 955 1095 silentia
987 1053 1120 1095 sacris

237 1184 303 1215 132
331 1180 472 1225 Vergil.
500 1181 539 1214 E.
568 1180 653 1214 Vni
680 1183 759 1215 108.

239 1301 304 1332 125
332 1297 468 1342 oppido
493 1297 530 1332 B
553 1298 557 1341 1
579 1296 766 1331 iberorum
799 1297 846 1332 V¹
870 1298 874 1340 Ι
903 1297 1098 1333 tei-bellica
1124 1299 1178 1342 αβ
1271 1302 1337 1333 126
1363 1297 1492 1333 hebro—

141 1344 240 1389 magi
258 1345 294 1378 P
307 1344 356 1379 1⁷2
375 1345 618 1389 hebreomagi
639 1344 687 1378 V¹
707 1345 748 1379 in
766 1355 879 1388 mary.
900 1345 968 1387 inf.
986 1345 1029 1388 <R
1047 1345 1241 1389 ebromagi
1258 1345 1291 1379 V
1303 1345 1495 1390 ebromagi

141 1392 208 1435 Πβ
231 1393 234 1436 Ι
257 1391 380 1426 fratris
402 1392 436 1426 V
508 1395 573 1426 127
599 1390 783 1426 inreditur
803 1394 841 1425 H
861 1393 865 1435 Ι
888 1402 946 1426 sec
966 1391 1066 1427 undo
1095 1391 1128 1425 V
1153 1393 1233 1434 (litt.
1260 1393 1356 1427 iuter
1381 1404 1400 1427 c
1420 1396 1452 1427 et
1471 1405 1494 1426 u

140 1438 286 1483 εναεαὲ)
314 1431 349 1473 V
421 1442 488 1474 128
509 1449 573 1474 om.
597 1439 633 1472 P
653 1440 659 1483 Ι
681 1439 907 1483 conspecutu
934 1438 981 1472 V¹
1005 1441 1009 1483 Ι
1031 1438 1242 1473 aduertitur
1261 1439 1290 1474 S
1309 1441 1314 1483 1
1337 1438 1425 1473 anni
1449 1439 1494 1473 Vl

141 1497 228 1532 anni
261 1497 310 1531 V²
349 1496 450 1532 omni
467 1496 512 1550 'B
611 1500 676 1531 129
707 1496 873 1532 colebrat
898 1496 935 1530 P
970 1497 1180 1532 caelebrata
1206 1497 1235 1532 S
1267 1499 1272 1542 ι
1307 1498 1431 1533 hostia
1464 1498 1498 1531 V

139 1579 287 1624 hospita
313 1579 362 1614 P⁵³
399 1552 509 1614 holslta
536 1581 557 1625 β
588 1579 592 1624 l
626 1580 756 1623 portur
781 1581 820 1612 H
854 1563 983 1623 piirtus
1010 1579 1039 1614 S
1137 1583 1203 1614 130
1231 1571 1430 1615 οοοῃτεέιίῑίε
1463 1580 1498 1615 V

140 1639 377 1673 occursantes
404 1638 441 1671 P
461 1639 466 1681 Ι
488 1633 696 1682 praeuerti}
721 1639 761 1671 H
791 1637 998 1682 praeuertit
1023 1640 1177 1673 cunctos
1203 1640 1245 1673 ut
1267 1640 1306 1673 te
1333 1639 1494 1684 amplec-

139 1686 243 1720 tatur
269 1684 408 1720 amieos
434 1684 455 1730 β
531 1688 596 1719 131
625 1685 663 1719 et
689 1696 800 1729 supra
825 1685 983 1719 eteriens
1006 1685 1042 1719 P
1062 1686 1066 1730 Ι
1090 1696 1195 1720 suam
1215 1686 1244 1720 S
1266 1687 1270 1731 Ι
1292 1686 1366 1720 iam
1392 1686 1495 1721 semel

140 1743 169 1778 S
264 1747 330 1779 132
357 1743 421 1789 an]
447 1733 494 1777 iix
528 1743 586 1786 V}
614 1743 773 1789 somnia]
801 1743 901 1778 omia
928 1743 965 1776 P
998 1744 1081 1778 oms
1108 1743 1149 1779 8¹
1177 1741 1280 1781 Poma
1304 1744 1350 1780 82
1376 1744 1495 1789 (se-mia

140 1790 212 1835 8²⁸)
237 1791 242 1834 Ι
263 1790 365 1825 Finit
391 1790 490 1835 epl'a
512 1790 549 1825 P
592 1802 683 1825 VALE
708 1803 811 1824 mmx
839 1802 1066 1825 opumssnm
1093 1791 1115 1837 β

0 1883 141 1927 ’,IISB
237 1883 393 1918 XXVIII
432 1888 473 1918 Ιῖ
512 1870 645 1919 ἔηᾶθω
677 1885 744 1928 pot
774 1857 942 1929 palinum
975 1885 1139 1930 epistula
1169 1884 1323 1920 subinde
1355 1853 1497 1931 scripta

141 1932 262 1975 (super
287 1941 310 1965 a
335 1932 404 1967 litt.
430 1941 555 1976 erasa,
587 1941 662 1966 'non
690 1946 705 1961 a
733 1933 835 1975 nota)
861 1932 896 1966 V
939 1932 1113 1977 Epistola
1145 1932 1241 1967 decii
1272 1933 1400 1977 magni
1429 1943 1494 1967 au-

138 1977 233 2013 sonii
259 1978 306 2013 ad
332 1977 528 2022 paulinum
554 1989 633 2023 xgzca
660 1978 696 2012 P
748 1978 843 2013 Item
875 1980 1006 2014 ansoni
1032 1979 1079 2014 ad
1105 1979 1298 2024 paulinum
1324 1981 1364 2014 H
1387 1981 1491 2025 (pau-

137 2025 214 2059 lmu
240 2027 306 2069 ΠΒ)
374 2024 527 2060 Finiunt
559 2025 606 2058 ad
637 2025 851 2060 Ausonium.
915 2026 1103 2071 Incipiunt
1133 2026 1289 2061 Ausonii
1322 2026 1369 2061 ad
1399 2038 1493 2071 pau-

137 2072 254 2106 linum
280 2071 317 2106 B
377 2071 490 2116 Inois).
524 2071 654 2107 ansoni
686 2072 733 2107 ad
765 2072 960 2117 paulinum
987 2073 1016 2109 S
1112 2077 1128 2107 1
1163 2074 1313 2108 nostrae
1338 2084 1404 2109 om.
1431 2074 1493 2109 sed

131 2130 192 2164 pr.
219 2121 261 2154 in
285 2131 400 2166 mary.
429 2120 513 2155 add.
541 2119 577 2154 B
612 2119 616 2165 1
657 2120 899 2164 querumonia
931 2122 969 2154 H
1001 2121 1006 2164 1
1048 2121 1191 2168 charte:
1230 2119 1256 2153 h
1287 2121 1335 2156 αῖ.
1363 2121 1430 2156 del.
1462 2120 1497 2155 V

138 2190 289 2225 carthae
321 2191 361 2223 H
407 2175 529 2237 cham}
566 2190 627 2234 (al.
654 2191 761 2233 corr.)
788 2189 817 2225 S
851 2191 952 2225 carte
977 2190 1013 2224 B
1111 2195 1131 2225 3
1160 2189 1293 2225 elicere
1322 2190 1383 2236 ΡΙ
1405 2192 1490 2226 tuas

138 2238 207 2318 11ξὲ
229 2236 380 2318 {Bilanda
405 2237 464 2282 ΡΙ
486 2237 635 2283 uocem]
662 2248 785 2272 musas
813 2239 879 2282 Πβ
976 2241 997 2271 4
1024 2238 1097 2283 set]
1133 2237 1205 2272 VB
1228 2238 1232 2283 Ι
1255 2237 1311 2279 tui
1337 2237 1366 2273 S
1393 2239 1397 2281 Ι
1428 2248 1490 2272 ue—
