1563 2511
627 78 939 119 -197-

322 179 400 222 Cui
433 181 543 223 dono
575 181 764 235 lepidum
796 196 957 224 nouum
988 184 1202 239 libellum,

108 254 183 293 set·
204 248 508 305 ἀμουσότερον
540 254 582 292 et
612 252 776 292 uerius:

321 319 401 362 Cui
434 321 545 363 dono
577 321 832 375 inlepidum,
863 322 1012 364 rudem
1044 323 1256 379 libellum,
1478 342 1519 372 10

108 407 194 433 non
232 392 304 433 diu
343 392 554 446 quaesiui3
597 394 644 432 tu
683 392 793 433 enim
833 394 1073 448 occurristi,
1115 409 1239 448 quem
1277 409 1375 450 ego,
1414 397 1449 438 si

109 451 214 491 mihi
246 453 439 505 potestas
473 450 530 492 sit
555 465 605 492 ex
632 450 830 492 omnibus
857 452 1089 505 deligendi,
1121 468 1250 494 unum
1284 469 1450 509 semper

108 509 322 563 elegerim.
372 509 472 550 misi
504 509 648 563 itaque
675 509 727 550 ad
754 513 797 550 te
824 509 926 551 haec
950 510 1107 552 friuola
1133 513 1267 566 gerris
1294 511 1449 554 Siculis

108 568 306 621 uaniora,
346 570 412 621 ut,
451 582 546 609 cum
579 568 671 622 agis
702 568 829 622 nihil,
867 569 972 610 haec
1005 569 1124 623 legas
1157 573 1217 624 et,
1254 585 1308 612 ne
1338 572 1448 612 nihil

108 640 231 681 agas,
271 626 486 668 defendas.
546 626 679 682 igitur
716 627 797 668 iste
834 630 1021 682 nugator
1057 629 1226 670 libellus
1259 629 1346 670 iam
1378 630 1449 672 diu
1477 645 1519 675 15

108 689 271 726 secreta
299 686 487 739 quidem,
517 686 589 726 sed
617 686 735 740 uulgi
767 686 952 728 lectione
984 687 1200 728 laceratus
1231 689 1451 742 perueniet

108 744 283 785 tandem
315 744 358 784 in
391 759 545 785 manus
576 747 685 785 tuas.
744 759 869 798 quem
902 748 949 786 tu
981 748 1055 786 aut
1086 749 1134 786 ut
1165 746 1449 801 Aesculapius

107 802 422 857 redintegrabis
456 803 508 843 ad
540 803 692 855 uitam⁷
724 806 798 844 aut
829 806 876 844 ut
901 803 1027 845 Plato
1053 804 1227 845 iuuante
1252 804 1449 847 Vulcano

107 862 311 902 liberabis
350 862 547 914 infamia,
588 861 624 903 si
660 862 881 915 peruenire
919 877 1007 904 non
1040 863 1164 904 debet
1195 863 1248 904 ad
1279 863 1450 905 famam.

106 919 191 961 fuit
223 923 368 961 autem
400 920 630 974 ineptiolae
668 920 795 961 huius
833 921 919 962 ista
951 922 1142 963 materia.
1203 922 1249 962 in
1282 923 1448 976 expedi·
1475 937 1519 968 20

106 979 242 1032 tione,
287 979 399 1033 quod
438 981 626 1033 tempus,
669 981 718 1019 ut
756 980 856 1033 scis,
897 980 1096 1021 licentiae
1134 980 1334 1021 militaris
1374 984 1450 1035 est,

108 1051 236 1091 super
273 1052 466 1078 mensam
504 1052 645 1079 meam
678 1037 791 1079 facta
823 1040 889 1079 est
919 1039 1142 1092 inuitatio,
1176 1053 1263 1080 non
1294 1040 1367 1080 illa
1400 1040 1449 1081 de

106 1095 261 1137 Rubrii
300 1096 516 1149 conuiuio,
553 1099 601 1137 ut
640 1095 801 1137 Graeco
840 1111 958 1138 more
996 1098 1232 1151 biberetur3
1274 1101 1338 1138 set
1374 1098 1451 1139 illa

109 1154 158 1195 de
191 1154 334 1196 Flacci
374 1155 540 1208 ecloga,
578 1155 622 1195 in
661 1169 745 1208 qua
781 1158 956 1208 propter
992 1156 1176 1196 mediam
1208 1159 1377 1197 noctem
1409 1160 1451 1198 et

204 1273 246 1303 13
273 1269 390 1313 gerris
418 1269 569 1315 Siculis]
598 1269 642 1305 cf.
669 1269 776 1304 Pauli
803 1269 896 1305 diac.
924 1281 999 1305 exe.
1027 1274 1083 1314 94,
1109 1275 1130 1304 4
1157 1270 1205 1307 M.

204 1320 246 1350 19
273 1316 444 1361 Appulei.
472 1317 517 1351 de
542 1326 640 1360 mag.
668 1327 697 1351 c.
720 1320 763 1351 10

201 1367 246 1397 23
274 1362 401 1398 Cicero
427 1363 530 1397 Vei-r.
558 1364 640 1398 Act.
667 1364 700 1397 H
729 1368 759 1407 1,
786 1368 830 1399 26
857 1366 947 1408 (66):
977 1364 1136 1398 Rubrius
1163 1364 1270 1398 istius
1297 1365 1450 1400 comites

105 1409 242 1444 inuitat
269 1438 275 1445 .
305 1439 311 1445 .
338 1412 482 1445 mature
507 1411 679 1454 ueniunt,
713 1411 959 1446 discumbitur
985 1439 992 1446 .
1021 1440 1027 1446 .
1054 1411 1096 1445 fit
1122 1422 1240 1446 sermo
1266 1411 1363 1446 inter
1388 1423 1450 1447 eos

106 1460 143 1491 et
168 1456 362 1499 inuitatio‚
389 1459 431 1491 ut
457 1457 597 1492 Graeco
623 1469 724 1492 more
750 1458 949 1493 biberetur.

200 1508 246 1538 24
277 1504 403 1540 Horat.
432 1516 459 1538 c.
488 1505 537 1538 III
568 1509 627 1547 19,
654 1509 674 1539 9
696 1517 792 1550 sqq.:
831 1506 878 1539 da
909 1506 1017 1540 lunae
1049 1516 1204 1550 propere
1236 1516 1372 1546 nouae,
1403 1506 1452 1540 da

202 1602 222 1632 8
249 1598 341 1632 done
361 1598 408 1632 Vl
431 1597 435 1643 Ι
458 1598 666 1644 ΙΕΡῘΙββᾰωῙι
688 1599 741 1643 (pi
761 1600 822 1643 al.)
844 1599 899 1645 Vl
922 1599 1091 1633 liuellum
1114 1599 1159 1633 Vl
1191 1598 1397 1642 lelibellum
1419 1599 1453 1632 T

154 1649 173 1679 9
202 1645 273 1690 set]
309 1644 355 1678 V¹
391 1646 395 1689 Ι
437 1656 684 1679 amorcorcpon
713 1646 750 1679 P
785 1658 1028 1691 αμοισοτερον
1054 1649 1071 1680 λ
1111 1647 1394 1680 amorcotheron
1421 1646 1454 1680 T

106 1693 362 1726 amarcoteron
387 1691 420 1725 G
446 1689 720 1735 αὗσονιώτερον
740 1693 849 1728 Sebis.
874 1695 879 1737 Ι
902 1694 941 1727 et
965 1694 1088 1728 uerius
1115 1714 1157 1718 -
1184 1692 1353 1727 libellum
1378 1703 1451 1727 non

106 1749 171 1773 om.
198 1738 276 1772 VP
373 1742 416 1772 10
440 1739 636 1783 illepidum
664 1740 736 1774 TG
834 1745 875 1775 12
903 1741 1017 1785 deligi
1048 1740 1122 1774 VP
1144 1739 1324 1784 diligendi
1348 1743 1366 1773 λ

109 1812 151 1843 13
178 1809 354 1853 elegorim
381 1810 439 1852 ΡΙ
462 1809 564 1844 misi:
590 1821 627 1843 m
653 1811 699 1844 αἶ.
726 1821 832 1845 rescr.
859 1811 915 1853 V!
937 1810 1082 1855 itaque]
1108 1796 1132 1854 g}
1162 1811 1216 1851 ΤΙ
1248 1810 1296 1845 ad
1320 1812 1356 1844 te
1383 1821 1448 1845 om.

105 1856 142 1889 P
165 1858 169 1898 Ι
203 1856 272 1889 hec
304 1856 378 1890 VP
400 1867 465 1891 om.
493 1857 528 1890 Z
555 1857 558 1902 Ι
593 1856 728 1891 fribola
754 1869 797 1892 esc
822 1857 958 1903 frigola
989 1857 1033 1891 Vl
1060 1859 1098 1902 (b
1126 1859 1164 1891 in
1189 1870 1213 1891 u
1238 1867 1329 1892 corr.
1357 1858 1406 1901 al)
1443 1858 1446 1901 Ι

106 1902 250 1946 gerrhis
278 1903 315 1937 P
336 1903 483 1947 gerohis
509 1906 527 1937 λ
550 1908 554 1947 Ι
586 1904 711 1939 siculis
737 1925 784 1929 ——
809 1916 853 1939 ne
880 1904 974 1939 nihil
1000 1915 1064 1939 om.
1098 1905 1175 1938 VP
1272 1908 1315 1938 14
1340 1904 1448 1949 haec]

105 1950 148 1983 ho
178 1949 235 1993 ΤΙ
264 1961 309 1984 ne
335 1949 387 1984 nil
413 1953 431 1984 λ
531 1954 572 1985 15
603 1948 635 1985 (l
661 1951 779 1996 Igitur
804 1952 863 1992 ΡΙ
897 1953 951 1986 ste
976 1951 1022 1985 V¹
1122 1955 1164 1985 16
1190 1951 1284 1996 fulgi
1308 1952 1368 1995 ΡΙ
1396 1951 1450 1985 la-

106 1997 251 2030 ceratus
280 1997 316 2030 P
413 2001 454 2032 17
482 2002 547 2032 aut
572 2000 609 2032 et
637 1998 696 2042 ΡΙ
728 1999 959 2043 aescolapius
991 1999 1025 2032 V
1053 1998 1238 2042 scolapius
1271 1998 1318 2032 V2
1349 2008 1449 2032 esco-

106 2042 219 2088 lipius
245 2043 282 2078 P
377 2048 419 2079 18
445 2044 598 2079 iubante
630 2045 678 2079 Vl
777 2050 818 2080 19
846 2046 979 2080 debeat
1005 2046 1042 2080 P
1133 2050 1178 2079 20
1207 2043 1240 2079 (l
1266 2045 1351 2079 Fuit
1380 2045 1416 2078 P
1443 2045 1446 2089 Ι

106 2090 248 2136 autem]
273 2092 352 2125 tam
379 2091 416 2125 P
509 2096 552 2125 21
580 2091 706 2127 huius:
733 2093 797 2127 hui
822 2094 864 2127 in
888 2104 961 2128 ras.
988 2094 1035 2127 αῖ.
1060 2092 1116 2136 Vl
1140 2094 1198 2126 sta
1228 2092 1274 2126 Vl
1297 2095 1301 2133 Ι
1332 2093 1448 2126 mate-

104 2160 174 2202 rias
202 2160 237 2194 V
314 2165 358 2195 22
384 2172 505 2196 meam
531 2161 602 2206 fuit
626 2154 915 2198 factaementio
944 2163 977 2196 T
997 2163 1001 2207 Ι
1023 2163 1106 2197 illa:
1133 2174 1155 2196 a
1181 2174 1223 2197 ex
1249 2163 1261 2195 i
1283 2173 1340 2206 pr.
1371 2161 1403 2194 T

106 2211 150 2241 23
177 2207 321 2253 Rubrii]
350 2209 502 2243 ludibrii
529 2210 562 2243 Z
582 2211 587 2253 Ι
609 2221 720 2254 greco
750 2209 785 2244 V
806 2211 846 2244 ut
872 2220 981 2254 greco
1008 2220 1109 2243 more
1136 2220 1200 2243 om.
1226 2210 1257 2242 T
1278 2214 1281 2248 Ι
1304 2208 1447 2242 hibere-

105 2256 165 2287 tur
191 2255 227 2288 P
248 2254 425 2290 liberetur
450 2259 468 2289 λ
495 2256 659 2291 biberem
689 2257 722 2291 Τ
746 2259 749 2299 Ι
782 2257 853 2303 set]
888 2257 933 2291 Vl
1031 2261 1076 2290 24
1100 2257 1173 2290 fae]
1208 2256 1251 2290 V¹
1275 2258 1280 2299 Ι
1315 2256 1448 2299 egloga,

111 2300 227 2335 VPT
261 2302 420 2347 aegloga
444 2302 506 2337 λθ
