1563 2511
632 66 946 108 —160—

122 173 261 222 Quam
293 176 420 215 tenue
454 176 496 214 et
528 174 684 215 molem
718 175 922 227 quautam
954 172 1038 212 fert
1064 185 1308 225 corpoream
1353 173 1466 213 crus!
1494 182 1538 212 30

69 245 102 269 10
121 232 313 274 Pondere
346 232 424 274 sub
457 235 617 287 quanto
651 237 845 273 nostrum
877 230 1124 272 moderatur
1154 230 1236 272 iter
1374 232 1466 285 pes!

54 410 130 439 [342]
554 394 630 429 VH.
672 394 734 428 DE
761 392 1033 428 INCONEXIS.

125 490 259 546 Saepe
291 491 336 533 in
369 491 579 545 coniugiis
611 491 661 531 fit
692 490 836 542 noxia,
871 490 906 531 si
938 490 1072 531 nimia
1104 492 1186 542 est,
1384 488 1471 530 dos.

125 549 257 592 Sexus
291 553 468 604 uterque
500 552 672 603 potens,
707 553 770 590 set
801 549 1027 602 praeualet
1058 548 1222 602 inperio
1369 562 1472 588 mas.

125 609 207 658 Qui
241 612 354 651 recte
386 609 532 663 faciet,
565 623 652 650 non
685 609 758 662 qui
790 608 1054 662 dominatur,
1087 607 1167 648 erit
1387 620 1473 646 rex.

125 668 265 710 Vexat
297 668 506 709 amicitias
541 671 583 708 et
615 667 788 709 foedera
819 666 1025 708 dissociat
1408 665 1474 706 lis.
1501 677 1543 706 35

89 738 105 764 5
126 727 281 781 Incipe,
309 726 514 781 quidquid
541 740 665 781 agas:
699 740 777 780 pro
803 728 897 767 toto
925 728 990 766 est
1014 725 1153 779 prima
1180 724 1319 779 operis
1361 738 1474 777 pars.

125 786 323 827 Insinuat
355 786 474 826 caelo
509 785 657 839 disque
688 784 843 825 inserit
875 784 1076 825 emeritos
1370 783 1475 824 laus.

124 844 184 886 Et
215 844 450 898 disciplinis
485 843 677 885 conferta
709 846 775 884 est
806 846 848 883 et
879 843 997 884 uitiis
1363 841 1477 883 urbs.

125 903 318 945 Vrbibus
351 903 394 944 in
426 902 532 944 tutis
566 902 773 943 munitior
804 902 983 943 urbibus
1017 901 1082 942 e'st
1391 915 1477 941 arx,

126 963 245 1004 Auro
279 975 464 1016 magnus
496 961 655 1015 honos,
688 961 779 1002 auri
811 961 998 1015 pretium
1029 963 1175 1002 tamen
1208 962 1272 1000 est
1393 973 1476 1000 aes.
1503 971 1547 1001 40

74 1034 107 1058 10
126 1021 278 1077 Longa
311 1021 401 1062 dies
435 1035 616 1076 operosa
647 1020 762 1074 uiro,
794 1020 867 1062 sed
898 1019 1130 1073 temperies
1381 1032 1478 1071 nox,

128 1080 221 1129 Qua
247 1083 364 1121 caret
392 1079 654 1134 Aethiopum
680 1079 829 1134 plaga,
855 1079 1056 1134 peruigil,
1087 1077 1302 1132 inrequies
1364 1091 1479 1130 gens,

130 1139 306 1194 Semper
338 1139 411 1180 ubi
445 1142 621 1180 aeterna
653 1139 866 1193 uertigine
900 1138 1015 1179 clara
1047 1140 1194 1178 manet
1395 1136 1478 1176 lux.

225 1290 309 1334 VII,
339 1294 356 1324 1
389 1288 575 1324 quenalis
602 1288 652 1322 Vl
678 1293 746 1324 460
785 1287 1062 1323 Intolerabilius
1088 1287 1183 1322 nihil
1209 1289 1266 1322 est
1292 1298 1403 1332 quam
1429 1286 1480 1321 fe-

130 1338 231 1372 mina
257 1336 371 1371 diues.
409 1335 594 1371 Martialis
621 1335 707 1370 VIII
735 1340 790 1371 12.

226 1389 246 1419 3
273 1385 400 1419 Horat.
428 1384 468 1418 E.
496 1383 512 1416 I
541 1387 571 1426 1,
593 1387 635 1418 59
657 1395 683 1419 S.
711 1395 774 1418 rex
799 1383 870 1417 eris
899 1411 904 1417 .
927 1409 933 1415 .
963 1382 994 1416 si
1019 1383 1118 1417 reete
1145 1381 1257 1416 facies

134 1480 139 1486 ¹
195 1479 201 1485 .
227 1435 246 1466 5
273 1432 402 1466 Horat.
429 1431 469 1466 E.
498 1431 514 1464 Ι
539 1435 571 1473 2,
593 1434 637 1464 40
659 1442 684 1465 s.
713 1429 906 1465 dimidium
932 1430 1022 1464 facti
1047 1429 1111 1473 qui
1138 1429 1260 1474 coepit
1284 1428 1414 1463 habet:
1444 1454 1450 1461 .
1474 1455 1481 1462 .

131 1490 252 1561 Μωρέ
274 1526 391 1560 Varro
419 1525 464 1560 de
492 1525 514 1559 l.
542 1525 565 1560 l.
593 1529 658 1559 151
687 1535 751 1558 arx
778 1525 824 1559 ab
851 1524 1027 1567 arcendo,
1054 1524 1150 1567 quod
1177 1522 1208 1557 is
1237 1524 1338 1558 locus
1365 1522 1482 1556 muni-

130 1573 296 1608 tissimus
323 1572 435 1607 urbis.

228 1719 272 1750 30
299 1715 438 1759 quanta
458 1725 485 1758 p
509 1715 513 1758 l
550 1724 649 1748 crus:
679 1726 694 1748 s
720 1714 761 1748 in
786 1724 858 1749 ras.
887 1714 953 1749 litt.
981 1725 1004 1747 x
1029 1713 1075 1748 al.
1111 1711 1144 1747 V
1215 1715 1257 1746 31
1286 1711 1399 1745 Posde
1419 1721 1448 1755 p
1478 1715 1481 1755 ‡

133 1763 204 1797 iter
229 1775 264 1807 p.
291 1773 355 1807 pes
383 1764 421 1806 (p
448 1762 512 1795 lin.
539 1761 622 1805 del.)
651 1760 683 1794 T

0 1833 114 1876 'v,CZ
231 1832 299 1867 VII
331 1832 478 1868 conexis
499 1843 527 1876 p
563 1831 778 1866 inconnexis
806 1832 839 1865 Z
875 1845 911 1866 vx
938 1841 1051 1876 mary.
1078 1831 1161 1866 aad.
1194 1829 1252 1863 Vv
1329 1833 1372 1864 32
1400 1840 1486 1864 con-

134 1879 283 1925 iugibus
311 1880 381 1915 ΟΖ
407 1881 411 1924 Ι
447 1879 528 1924 dos]
558 1890 630 1913 uox
660 1878 719 1912 Vv
795 1883 838 1913 33
867 1879 937 1924 set]
971 1878 1005 1911 V
1029 1881 1032 1921 Ι
1067 1877 1236 1922 preualet
1266 1876 1402 1919 VCTl
1431 1876 1485 1911 in-

134 1927 254 1972 perio]
289 1927 321 1960 V
344 1930 347 1970 Ι
369 1939 449 1962 mos
473 1925 506 1961 G
575 1930 620 1960 34
647 1925 824 1970 quisi-ecte
845 1925 879 1959 V
948 1929 992 1960 35
1018 1924 1186 1972 foedera]
1214 1923 1311 1959 sotia
1336 1937 1358 1958 v
1382 1926 1386 1966 l
1416 1923 1487 1958 dis-

136 1975 252 2009 societ
276 1973 321 2007 V¹
373 1978 416 2008 36
445 1972 622 2017 quicquid
642 1973 704 2007 vC
729 1975 836 2018 chst
861 1973 934 2018 (sed
959 1985 975 2007 s
1001 1973 1082 2016 del.)
1105 1972 1162 2016 T}
1185 1972 1241 2006 est
1266 1971 1437 2026 opprima
1458 1970 1491 2004 Τ

184 2036 227 2067 37
256 2031 326 2067 diis
349 2033 422 2067 ΤΘ
495 2044 529 2067 u.
558 2035 602 2066 39
628 2042 692 2066 om.
723 2032 753 2066 C
785 2034 790 2077 Ι
825 2034 880 2066 est
905 2032 952 2067 αῖ.
979 2033 1064 2067 adel.
1099 2031 1133 2065 V
1163 2033 1168 2075 Ι
1203 2031 1282 2076 arx]
1318 2041 1381 2065 rex
1416 2030 1488 2074 Vv,

138 2116 196 2139 ars
225 2104 274 2138 M
345 2107 390 2138 40
415 2106 457 2138 tf1
483 2114 527 2137 ss.
559 2102 590 2136 T
662 2106 704 2136 41
733 2102 821 2137 uiris
846 2116 868 2137 v
898 2105 902 2146 Ι
937 2087 1138 2147 temperiz‘is
1160 2101 1190 2136 G
1255 2105 1298 2135 42
1321 2100 1488 2145 etiopum

137 2151 259 2197 l‘lasga
291 2151 348 2197 V}
380 2151 496 2196 plaga
521 2149 634 2194 plaga
663 2149 721 2194 ΤΙ
752 2150 929 2195 irrequies
959 2150 991 2184 T
1061 2154 1105 2184 43
1133 2149 1277 2183 alterna
1302 2148 1490 2183 Baehrens

144 2273 145 2278 Ἰ
178 2234 304 2268 manet
337 2233 396 2267 Vv
423 2232 520 2268 nitet
547 2231 616 2266 CZ
641 2233 644 2275 Ι
680 2214 781 2266 'blara
807 2233 901 2268 nitet
927 2214 1109 2278 uertigine
1140 2232 1172 2266 T
