1563 2511
651 42 972 84 —410—

132 148 343 190 Errabam
375 147 510 202 riguis
543 161 618 201 per
651 147 841 202 quadrua
873 147 1064 201 compita
1096 147 1141 188 in
1174 148 1310 189 hortis
1460 159 1479 190 5

191 206 362 248 Maturo
396 206 570 260 cupiens
605 220 671 247 me
704 209 905 261 uegetare
939 207 1018 248 die.

132 266 234 307 Vidi
265 267 485 307 concretas
517 279 595 319 per
626 265 824 320 gramina
855 265 964 307 fiexa
994 265 1171 319 pruinas

192 324 381 365 Pendere
415 326 489 365 aut
521 324 714 365 holerum
748 327 862 365 stare
895 324 1208 377 cacuminibus,

134 383 339 425 Caulibus
373 385 416 424 et
447 385 604 424 teretes
636 383 796 437 patulis
829 383 1056 425 conludere
1090 386 1236 438 guttas

193 474 1122 484 ..............
1438 452 1479 482 10

132 501 234 542 Vidi
265 500 479 542 Paestano
513 501 698 555 gaudere
729 500 896 542 rosaria
928 501 1045 542 cultu

191 559 425 601 Exoriente
456 573 570 600 nouo
603 558 769 600 roscida
801 559 990 600 lucifero.

133 618 248 660 Rara
279 618 495 672 pruinosis
529 618 709 659 canebat
741 632 912 672 gemma
943 617 1141 659 frutectis

191 677 259 718 Ad
291 677 420 731 primi
452 677 592 717 radios
626 676 854 717 interitura
886 676 964 717 die.

132 736 406 790 Ambigeres,
438 737 662 788 raperetne
694 735 802 776 rosis
836 735 1004 776 Aurora
1035 736 1234 776 ruborem
1438 745 1479 776 15

192 795 259 835 An
293 794 412 835 daret
445 796 487 834 et
517 794 642 835 flores
676 794 894 848 tingueret
927 796 1021 835 orta
1054 794 1153 835 dies.

131 853 219 894 Ros
253 867 382 906 unus,
416 852 530 893 color
561 867 670 893 unus
703 855 745 893 et
776 867 907 893 unum
940 867 1063 894 mane
1097 852 1294 906 duorum3

192 911 351 953 Sideris
386 913 428 952 et
458 911 574 952 floris
608 926 708 952 nam
741 911 914 952 domina
946 927 1032 953 una
1064 911 1223 953 Venus.

131 970 295 1011 Forsan
329 972 371 1011 et
402 984 511 1011 unus
545 970 665 1011 odor:
700 970 772 1010 sed
805 970 959 1011 celsior
991 971 1064 1011 ille
1096 985 1171 1024 per
1205 985 1330 1011 auras

192 1029 381 1070 Diffluit:
416 1029 584 1082 expirat
616 1029 836 1082 proximus
869 1029 950 1070 iste
984 1029 1134 1084 magis.
1436 1039 1479 1070 ΞΟ

132 1087 381 1129 Communis
413 1087 576 1141 Paphie
609 1088 687 1129 dea
720 1087 871 1129 sideris
906 1090 948 1129 et
980 1088 1058 1129 dea
1089 1088 1206 1130 floris

190 1146 406 1201 Praecipit
437 1146 563 1188 unius
596 1146 770 1188 muricis
804 1161 896 1188 esse
929 1146 1138 1188 habitum.

130 1205 398 1247 Momentum
430 1205 656 1259 intererat,
689 1220 772 1259 quo
805 1220 849 1246 se
881 1206 1102 1247 nascentia
1134 1206 1286 1247 florum

191 1263 394 1306 Germina
427 1264 686 1318 conparibus
719 1263 957 1305 diuiderent
988 1265 1151 1318 spatiis.

129 1322 248 1364 Haec
278 1323 392 1364 uiret
426 1325 608 1378 angusto
639 1323 839 1364 foliorum
871 1326 986 1365 tecta
1018 1324 1184 1378 galero,
1434 1333 1478 1363 ‘25

189 1381 312 1423 Hanc
344 1382 462 1423 tenui
494 1382 599 1424 folio
632 1396 823 1436 purpura
855 1382 985 1423 rubra
1016 1384 1149 1424 notat.

130 1440 247 1482 Haec
281 1441 419 1495 aperit
450 1441 577 1495 primi
609 1440 786 1495 fastigia
819 1441 931 1482 celsa
965 1441 1141 1483 obelisci

189 1499 438 1541 Mucronem
472 1499 701 1541 absoluens
734 1500 937 1553 purpurei
970 1500 1134 1554 capitis.

130 1557 305 1599 Vertice
339 1559 539 1600 collectos
572 1559 647 1600 illa
679 1558 934 1600 exsinuabat
966 1560 1164 1612 amictus,

225 1666 244 1696 5
272 1664 444 1706 competa
468 1662 546 1697 AB
569 1663 574 1706 1
601 1662 726 1697 herbis
745 1662 780 1696 Β
855 1667 874 1697 6
902 1661 1069 1707 negitare
1090 1662 1126 1697 Β
1200 1665 1220 1696 8
1247 1662 1334 1697 auto
1360 1661 1477 1696 lerum

129 1709 164 1743 A
263 1713 282 1743 9
315 1709 453 1754 patulis
484 1711 620 1744 teretes
648 1710 684 1744 B
783 1713 824 1744 10
857 1711 950 1744 deest
975 1710 1054 1744 AB
1064 1737 1074 1752 ,
1111 1713 1264 1744 recentes
1295 1709 1382 1744 libri
1413 1713 1480 1744 aut

129 1756 177 1789 Et
215 1756 386 1791 caelestis
426 1767 544 1800 aquae
583 1757 745 1800 pondere
784 1758 871 1791 tunc
909 1756 1082 1801 grauidas
1123 1758 1191 1800 (sic
1222 1767 1289 1791 ree.
1321 1767 1364 1790 m.
1393 1756 1490 1792 add:

129 1814 241 1848 marg).
269 1804 321 1845 B)
352 1807 417 1838 aut
452 1804 535 1838 Nox
567 1805 714 1838 assueta
747 1802 810 1837 diu
843 1803 982 1838 fecerat
1013 1803 1106 1837 illud
1138 1804 1236 1838 idem
1269 1806 1325 1846 (ut
1353 1803 1478 1838 Paris.

130 1853 227 1884 7936
247 1861 273 1885 S.
292 1850 427 1894 XIII)
453 1854 517 1884 aut
542 1851 694 1894 denique
717 1854 907 1895 utrumque
932 1854 974 1889 (e.
994 1862 1026 1895 9.
1042 1850 1356 1893 Ηεῖηιείαᾱίεηείε,
1380 1850 1476 1885 Voss.

129 1899 178 1931 96
203 1899 235 1931 et
260 1899 334 1932 849
359 1908 386 1932 s.
415 1897 505 1939 XV)
605 1901 647 1931 15
681 1908 770 1932 aura
795 1898 876 1932 AB
911 1899 1013 1941 (tunc
1039 1901 1122 1933 ante
1147 1909 1237 1932 aura
1263 1908 1328 1932 rec.
1355 1908 1400 1932 ss.
1427 1897 1477 1941 Β)

129 1955 261 1977 aurora
287 1943 507 1979 Melzz'censis
532 1955 558 1980 s.
589 1945 658 1978 XI
664 1944 682 1978 ,9
715 1944 909 1979 Thaumas
934 1956 961 1980 s.
990 1945 1079 1979 XI?
1180 1949 1220 1979 17
1248 1955 1415 1978 rosumus
1442 1945 1477 1978 A

177 1993 222 2024 20
250 1989 351 2024 diffie
378 1993 504 2036 (marg).
532 2003 576 2025 m.
603 2002 670 2026 ree*
697 1992 720 2025 l'
749 1992 926 2035 difflatur)
954 1992 990 2026 B
1028 1992 1130 2026 difflo
1157 1993 1191 2026 A
1219 1993 1272 2035 (et
1296 2002 1361 2026 om.
1382 1991 1476 2035 AB)

131 2037 268 2072 diffluit
294 2038 332 2071 et
356 2039 414 2072 uel
441 2038 570 2072 defluit
597 2040 634 2072 et
658 2039 811 2081 nouitii,
838 2038 974 2072 diffluit
1000 2039 1163 2083 exspirat
1183 2038 1272 2073 Toll.
1348 2042 1390 2072 21
1412 2049 1477 2082 pa-

130 2084 239 2128 phiae
254 2084 349 2119 AB¹
424 2088 466 2119 23
489 2096 600 2128 quom
622 2085 731 2119 Sabis.
755 2086 760 2128 1
782 2086 968 2120 nascenda
983 2087 1016 2119 A
1091 2090 1136 2119 24
1161 2085 1397 2130 conparibus]
1412 2084 1476 2120 A?

133 2132 135 2175 1
172 2131 297 2175 spadis
323 2132 360 2166 A
456 2136 500 2166 26
527 2132 705 2166 hactenus
731 2132 769 2166 in
803 2131 962 2174 (l'tenuis
989 2143 1055 2167 rec.
1083 2134 1123 2166 in
1148 2134 1278 2178 vzary.)
1305 2133 1341 2166 B
1375 2134 1476 2167 acte-

129 2190 197 2212 nus
224 2178 262 2212 et
287 2178 323 2213 A
361 2179 456 2212 hanc
483 2182 514 2213 ct
539 2179 641 2213 tenui
668 2180 803 2213 nouitii
900 2183 942 2212 ‘27
971 2179 1082 2223 primi
1107 2179 1161 2212 Β2
1198 2179 1317 2223 prima
1342 2179 1421 2213 AB

130 2228 174 2260 28
208 2225 411 2260 absolueris
437 2226 473 2260 A
508 2227 512 2270 Ι
557 2225 698 2270 sapidis
725 2226 759 2260 A
857 2230 901 2260 29
936 2227 1121 2260 uerticeco
1152 2225 1269 2261 lectos
1295 2227 1330 2260 A
1372 2227 1376 2269 Ι
1417 2237 1476 2261 ex-

132 2273 301 2307 sanabat
326 2273 362 2307 A
401 2273 599 2308 exinuabat
624 2273 659 2307 Β
