1563 2511
635 70 684 76 —
749 47 834 88 208
897 71 952 77 —-

118 153 256 195 simile
288 154 337 193 ut
369 152 485 193 dicas
517 151 703 203 ludicro,
734 152 847 207 quod
873 151 1025 194 Graeci
1058 152 1357 194 ostomachian
1388 166 1461 193 uo-

116 226 278 254 cauere.
340 211 526 252 ossicula
558 225 608 252 ea
640 213 756 252 sunt:
789 211 841 252 ad
873 226 1083 252 summam
1118 211 1461 265 quattuordecim

117 271 276 325 figuras
298 270 582 324 geometricas
601 269 774 311 habent.
807 273 908 311 sunt
923 271 1036 310 enim
1051 270 1288 324 aequaliter
1306 270 1462 323 trique-

116 332 203 370 tra:
223 329 291 369 uel
311 328 495 370 extentis
516 329 639 370 lineis
660 329 726 369 uel
742 329 988 382 <eiusdem>
1007 328 1174 380 frontis,
1194 328 1289 381 <uel
1303 327 1462 381 rectis>
1489 339 1532 370 45

119 387 289 442 angulis
315 387 385 428 uel
412 387 615 441 obliquis:
648 387 825 428 isoscele
852 387 935 440 ipsi
961 387 1028 427 uel
1055 387 1271 441 isopleura
1296 390 1465 440 uocant,

119 446 380 500 orthogonia
395 460 562 500 quoque
577 449 619 486 et
634 447 816 487 scalena.
842 445 997 486 harum
1012 446 1317 486 uerticularum
1331 446 1464 486 uariis

119 505 387 559 coagmentis
420 504 679 545 simulantur
712 504 875 557 species
907 504 1025 544 mille
1057 503 1315 546 formarum:
1352 504 1463 544 hele—

118 564 307 618 phantus
329 564 454 604 belua
479 565 552 604 aut
579 577 680 616 aper
699 563 851 615 bestia,
877 577 1002 603 anser
1023 563 1174 604 uolans
1196 566 1238 604 et
1260 562 1465 604 mirmillo

118 624 165 664 in
197 623 340 676 armis,
373 621 596 663 subsidens
635 625 816 662 uenator
855 624 896 662 et
927 622 1088 662 latrans
1121 622 1252 675 canis,
1288 621 1392 675 quin
1424 623 1467 662 et

118 681 250 723 turris
283 684 327 722 et
359 680 589 722 cantharus
624 682 667 721 et
699 680 783 721 alia
814 680 1060 721 huiusmodi
1092 680 1467 721 innumerabilium

119 740 373 795 figurarum,
418 753 525 792 quae
571 738 680 779 alius
726 739 811 780 alio
850 739 1054 780 scientius
1093 739 1330 793 uariegant.
1393 738 1467 779 sed

119 799 359 854 peritorum
409 797 679 838 concinnatio
730 797 982 838 miraculum
1033 800 1117 851 est,
1168 798 1466 851 imperitorum

119 858 320 899 iunctura
363 856 602 898 ridiculum.
666 870 749 910 quo
794 856 1013 911 praedicto
1059 857 1187 910 scies,
1231 857 1342 910 quod
1386 870 1466 910 ego

119 917 405 971 posteriorem
436 915 629 956 imitatus
664 930 769 956 sum.
822 915 904 956 hoc
936 929 1038 970 ergo
1072 916 1264 956 centonis
1292 929 1467 968 opuscu-

120 976 210 1016 lum
242 976 289 1015 ut
320 974 392 1015 ille
423 973 549 1015 ludus
581 976 812 1026 tractatur,
844 973 939 1027 pari
970 973 1099 1015 modo
1133 987 1280 1015 sensus
1311 973 1468 1015 diuersi

120 1037 169 1075 ut
208 1037 463 1088 congruant,
504 1032 708 1086 adoptiua
747 1047 853 1086 quae
893 1035 1010 1086 sunt,
1051 1035 1097 1074 ut
1137 1035 1324 1087 cognata
1354 1032 1469 1073 uide-

123 1095 269 1146 antur,
301 1091 443 1133 aliena
468 1106 520 1132 ne
547 1091 851 1133 interluceant:
884 1092 1090 1133 arcessita
1121 1106 1173 1132 ne
1207 1092 1294 1133 uim
1327 1091 1468 1132 redar-

123 1154 276 1206 guant,
310 1151 444 1191 densa
468 1164 521 1191 ne
548 1164 678 1204 supra
702 1150 878 1192 modum
910 1151 1210 1204 protuberent,
1241 1150 1386 1192 hiulca
1415 1164 1468 1191 ne

122 1212 311 1264 pateant.
370 1223 478 1263 quae
511 1209 548 1250 si
581 1209 727 1250 omnia
759 1210 821 1250 ita
852 1210 934 1250 tibi
966 1209 1238 1263 uidebuntur,
1269 1211 1318 1250 ut
1349 1222 1467 1263 prae-

123 1271 294 1322 ceptum
329 1270 410 1322 est,
442 1268 554 1309 dices
587 1282 654 1309 me
687 1268 980 1322 composuisse
1013 1271 1248 1309 centonem.
1300 1271 1343 1309 et
1370 1267 1469 1322 quia

124 1328 203 1369 sub
236 1328 495 1382 imperatore
528 1341 623 1368 meo
655 1329 746 1367 tum
773 1327 929 1380 merui,
960 1327 1187 1380 procedere
1220 1327 1326 1367 mihi
1359 1327 1471 1367 inter

123 1386 368 1441 frequentes
397 1385 658 1439 stipendium
683 1385 871 1426 iubebis:
901 1387 968 1426 sin
994 1385 1134 1440 aliter,
1160 1400 1256 1426 aere
1283 1386 1470 1426 dirutum

122 1445 271 1498 facies,
315 1446 363 1485 ut
401 1444 569 1485 cumulo
609 1444 812 1485 carminis
851 1445 896 1486 in
938 1444 1089 1485 fiscum
1134 1459 1258 1486 suum
1296 1444 1469 1486 redacto

123 1504 299 1545 redeant
330 1517 497 1556 uersus,
529 1502 641 1544 unde
673 1506 893 1545 uenerunt.
943 1503 1052 1544 uale.

218 1623 262 1654 42
291 1619 411 1654 simile
432 1638 475 1642 —
496 1628 676 1653 uocauere
702 1628 766 1652 om.
794 1621 826 1652 et
845 1619 886 1652 in
905 1629 1018 1663 mary.
1034 1629 1094 1662 pr.
1115 1619 1199 1653 add.
1223 1620 1227 1662 Ι
1251 1617 1389 1664 simile3
1409 1617 1442 1651 T
1463 1619 1465 1663 Ι

124 1665 225 1710 greci
242 1667 275 1700 Τ
295 1669 299 1709 1
329 1664 563 1702 stomachion
581 1665 649 1700 ΤίτΥ
676 1665 962 1700 estomachioni.
990 1666 1247 1700 ostomachion
1263 1666 1470 1707 Gudianus,

125 1711 353 1758 ὀστομαχίαν
368 1713 622 1757 Hummelbery
648 1713 694 1755 cf.
708 1712 877 1747 Ennodii
902 1723 1010 1747 earm.
1026 1713 1165 1747 11133
1194 1713 1272 1757 (ubi
1291 1712 1470 1747 stomacio

123 1762 181 1796 uel
208 1761 430 1805 stomac(h)0
456 1761 555 1802 libri)
583 1757 780 1804 στομάτων
802 1759 964 1804 Βοαῖίῃεν
983 1763 1086 1801 2,Βό
1160 1763 1204 1794 43
1231 1759 1362 1794 oscilla
1381 1759 1469 1794 Sca-

125 1809 214 1851 liyer
233 1810 335 1850 2,26
358 1810 363 1851 Ι
385 1806 665 1851 quatuordecim
682 1806 714 1840 T
737 1806 873 1840 ΧΙΙΙΙλ
946 1810 1086 1841 44--46
1114 1808 1200 1840 sunt
1225 1805 1324 1840 enim
1345 1805 1471 1850 aequi-

124 1855 246 1889 latera
276 1855 338 1889 uel
368 1855 552 1898 triquetra
577 1853 735 1888 extentis
768 1853 875 1887 lineis
904 1854 965 1888 uel
992 1855 1058 1898 (sic
1083 1856 1101 1887 λ
1134 1855 1199 1888 aut
1220 1854 1307 1897 ΤΘ)
1339 1852 1471 1888 frontis

127 1900 252 1946 (rectis
272 1912 344 1945 pro
363 1900 496 1935 frontis
513 1901 716 1944 Auantius)
744 1900 891 1945 angulis
918 1900 979 1935 uel
1005 1901 1166 1945 obliquis
1185 1901 1220 1934 Z
1247 1902 1332 1936 haec
1351 1903 1472 1944 aperte

125 1951 298 1992 corrupta
338 1949 398 1993 (cf.
430 1949 596 1983 Maerob.
637 1947 698 1981 VI
728 1950 818 1990 712,
853 1948 1004 1983 Boetius
1035 1959 1097 1982 ars
1127 1958 1234 1992 yeom.
1262 1959 1302 1992 p.
1335 1949 1409 1982 376
1439 1950 1471 1982 et

125 1998 197 2030 404
223 1995 378 2038 Friecll.)
405 2006 495 2030 corr.
526 1995 658 2038 Peiper
753 1998 798 2029 4ss
825 1994 999 2029 issoscele
1026 1995 1059 2029 G
1093 1994 1254 2029 isochele
1285 1994 1318 2028 T
1349 1994 1388 2028 id
1415 1995 1472 2028 est

126 2042 267 2077 soscele
293 2045 311 2076 λ
335 2045 338 2086 Ι
368 2042 538 2086 sopleura
564 2043 598 2076 Z
622 2052 710 2076 corr.
744 2041 909 2085 ngletus
937 2041 941 2088 Ι
976 2042 1184 2087 orthogona
1212 2041 1244 2075 Τ
1337 2044 1382 2075 48
1408 2041 1471 2075 he-

126 2089 326 2133 lephantus
356 2089 409 2122 Τλ
449 2088 698 2133 (helephantis
724 2088 773 2131 λι)
806 2089 1023 2133 elephantus
1053 2087 1086 2123 G
1181 2092 1226 2123 49
1252 2087 1378 2122 bellua
1407 2087 1440 2122 T

126 2135 287 2170 mirmilo
318 2135 350 2169 T
419 2139 461 2169 51
488 2135 616 2181 turris]
650 2135 804 2169 turturis
831 2136 1141 2181 Guelpherbytani
1168 2136 1172 2178 Ι
1204 2137 1376 2170 cantatus
1404 2135 1439 2169 Z

126 2182 356 2228 huiusmodi]
389 2181 484 2216 hui'i
514 2183 547 2216 T
614 2186 657 2217 52
685 2182 872 2226 uariigant
900 2183 932 2216 T
1003 2186 1047 2217 55
1074 2182 1295 2227 posteriores
1324 2182 1402 2217 Tozl

127 2233 172 2265 58
199 2229 362 2264 alienum
381 2229 430 2271 Ζ,
455 2240 545 2265 corr.
568 2230 755 2264 Auantius
778 2233 782 2272 1
805 2229 1051 2264 interluceant
1071 2229 1130 2264 G).
1156 2229 1377 2264 interluceat
1397 2228 1430 2263 T

129 2281 172 2311 62
198 2276 438 2322 imperatore]
466 2276 626 2322 imperat
653 2276 725 2311 ΤΘ
753 2277 757 2321 Ι
793 2287 874 2312 meo
900 2279 979 2311 tum
1004 2278 1090 2312 Αἶά.
1117 2278 1257 2312 metum
1282 2276 1316 2310 Z

1492 632 1535 663 50

1494 925 1537 956 55

1495 1219 1539 1251 60

1497 1513 1539 1545 65
