1563 2511
638 117 686 122 ·-
752 105 819 134 XII
884 118 931 123 -

116 199 343 254 machique
383 199 630 254 epistulam,
666 213 792 253 quam
826 201 967 240 utrum
1000 198 1090 253 ipse
1122 199 1338 240 Ausonius
1370 198 1462 241 Mo-

117 259 244 299 sellae
284 258 510 300 subiecerit
547 273 601 299 an
634 261 784 313 postea
816 272 924 299 unus
958 271 1122 312 eorum,
1157 258 1228 312 qui
1260 258 1465 313 legebant

115 316 377 367 Ausoniana‚
409 316 606 358 dubitare
638 317 792 371 possis
843 330 941 357 nam
976 319 1018 358 et
1051 317 1137 358 alia
1161 317 1320 371 insunt,
1353 331 1461 372 quae

116 378 164 416 ut
195 375 410 417 diuersum
446 390 471 416 a
495 375 700 417 Vossiani
733 389 893 429 proauo
926 375 1095 430 librum,
1128 389 1178 416 ex
1205 390 1286 430 quo
1314 375 1463 416 deduc-

116 436 184 475 tus
219 437 284 475 est
314 433 556 488 Parisinus,
589 434 721 475 fuisse
755 434 1004 487 ostendunt,
1042 434 1104 475 ita
1137 434 1462 488 antiquissimae

116 493 206 533 eius
241 494 394 534 aetatis
425 493 570 547 fuisse,
604 508 687 547 qua
714 492 876 534 Graeca
904 492 1045 534 studia
1072 493 1299 534 florebant:
1331 494 1463 534 uersi-

119 552 238 593 culos
270 552 377 593 istos
411 552 517 605 dico,
551 552 704 606 quibus
736 552 879 593 nescio
913 552 1007 605 quis
1033 550 1302 592 Christianus
1334 552 1461 594 homo

117 610 189 651 sed
223 609 397 652 Graecis
439 611 592 652 litteris
632 611 781 652 doctus
820 610 870 651 de
910 610 1193 664 ambiguitate
1226 610 1340 651 uitae
1373 625 1462 652 car-

115 668 243 710 minis
290 670 488 710 ultimum
528 683 697 710 uersum
739 668 870 723 (infra
907 684 945 723 p.
974 667 1049 724 89)
1089 669 1264 723 refutat,
1309 670 1462 723 quibus

116 726 268 768 addere
296 728 396 770 licet
417 727 625 769 Graecam
646 728 971 781 inscriptionem
993 728 1315 782 epigrammatis
1336 728 1462 770 modo

115 787 437 827 conmemorati.
481 801 618 840 neque
646 786 856 827 silendum
883 790 947 827 est
972 787 1088 828 aliud
1116 787 1329 841 quoddam
1355 789 1462 829 tem-

116 845 232 898 poris
264 846 515 900 uestigium:
551 844 744 898 Hispalis
772 845 883 885 enim
911 846 1041 899 urbis,
1073 860 1200 899 quarn
1222 845 1461 887 Vossianus

114 903 158 944 in
190 903 373 944 Vrbium
406 918 445 944 u.
473 904 528 945 82
561 906 676 944 recte
707 903 837 944 habet
864 902 933 958 (cf.
963 903 1118 945 Strabo
1144 903 1210 945 III
1239 903 1354 961 141),
1387 919 1462 946 no-

118 962 262 1002 bilitas
302 962 390 1002 iam
429 964 616 1003 cesserat
646 961 883 1014 Emeritae,
922 962 1034 1015 quod
1065 977 1220 1003 nomen
1253 963 1314 1004 ibi
1346 963 1463 1005 Pari·

118 1021 233 1061 sinus
275 1020 465 1074 praebet.
500 1043 553 1049 ——
587 1018 680 1061 Hae
713 1020 846 1074 igitur
879 1020 1005 1061 unius
1045 1020 1201 1062 codicis
1239 1021 1462 1077 relliquiae

116 1079 160 1119 in
193 1078 275 1119 duo
305 1081 458 1133 postea
482 1079 705 1121 uolumina
732 1079 921 1132 dilapsae
949 1081 1058 1120 sunt.
1110 1079 1229 1120 cuius
1256 1081 1319 1121 rei
1343 1081 1463 1122 testi-

117 1137 308 1179 monium
354 1137 548 1192 equidem
594 1138 877 1178 certissimum
923 1138 1059 1179 habeo
1104 1139 1335 1194 rationem,
1381 1154 1463 1194 qua

117 1196 229 1237 inter
262 1211 304 1237 se
340 1197 509 1250 eclogas
542 1197 639 1237 illas
674 1199 876 1250 quattuor
905 1197 948 1237 in
969 1196 1184 1238 Vossiano
1211 1198 1374 1240 uicinas
1399 1200 1464 1240 ita

116 1255 300 1308 partitae
335 1258 436 1296 sunt
461 1255 573 1296 inter
600 1270 643 1296 se
671 1270 743 1296 eae
770 1255 1068 1306 conlectiones,
1101 1258 1149 1297 ut
1173 1257 1357 1310 primam
1380 1255 1462 1313 (II)

117 1313 358 1367 Parisinus,
410 1314 596 1368 reliquas
639 1316 726 1355 tres
772 1313 977 1370 <III—V)
1020 1315 1102 1357 sibi
1148 1319 1333 1357 sumeret
1375 1316 1463 1358 Ex-

117 1375 358 1426 cerptorum
390 1373 510 1414 liber.

204 1431 268 1472 De
309 1433 442 1473 altero
482 1432 629 1473 ordine
670 1430 822 1487 (libros
863 1431 891 1472 Z
932 1430 1046 1487 dico)
1087 1447 1195 1486 quae
1231 1433 1460 1488 disputaui,

114 1491 262 1543 paucis
306 1491 597 1532 confirmanda
637 1490 755 1532 duco.
830 1493 957 1544 atque
1002 1492 1204 1545 pleraque
1255 1494 1462 1546 opuscula

116 1562 248 1602 eaque
276 1549 550 1603 grauissima,
583 1563 690 1604 quae
715 1549 761 1590 hi
789 1549 888 1590 libri
918 1550 1097 1602 habent,
1130 1551 1336 1592 exclusa
1362 1555 1463 1593 sunt

116 1621 174 1647 ex
217 1608 409 1661 prioris
454 1608 670 1649 ordinis
713 1607 901 1662 libris,
947 1623 1177 1663 eorumque
1227 1610 1460 1652 maximam

115 1668 284 1719 partem
322 1666 540 1708 Ausonius
574 1669 647 1708 aut
684 1666 784 1708 fecit
816 1670 890 1707 aut
922 1667 1053 1708 edidit
1085 1682 1230 1718 seneX‚
1271 1672 1343 1710 aut
1376 1683 1460 1710 ser-

116 1739 239 1765 uasse
272 1725 316 1765 in
350 1725 514 1766 scriniis
546 1725 760 1781 putandus
794 1728 869 1778 est,
900 1740 977 1767 nec
1009 1729 1182 1779 recepta
1212 1727 1387 1769 fuerunt
1417 1729 1460 1769 in

115 1782 461 1825 Theodosianuni
488 1785 705 1839 exemplar
725 1782 829 1839 (uid.
850 1784 1033 1838 Bissula,
1060 1784 1208 1838 Cento,
1232 1785 1460 1841 Epigram-

116 1845 234 1883 mata
274 1843 427 1896 altera,
465 1844 676 1897 epistulae
715 1842 768 1884 ad
800 1842 980 1884 Paulum
1013 1843 1316 1899 Graecanicae,
1355 1844 1461 1887 Gra-

117 1900 274 1941 tiarum
325 1902 454 1955 actio,
505 1900 620 1957 alia).
682 1915 759 1942 nec
802 1904 946 1943 tamen
991 1903 1152 1956 omnia,
1202 1918 1311 1957 quae
1360 1907 1461 1958 post

118 1959 298 2000 alteram
324 1960 556 2002 editionem
582 1964 861 2014 accesserunt,
889 1961 1029 2002 aliena
1050 1964 1149 2002 sunt
1170 1962 1223 2003 ab
1244 1961 1460 2005 Vossiana

118 2019 396 2060 conlectionc.
452 2034 551 2061 nam
585 2019 631 2061 in
662 2019 742 2060 hac
774 2018 1031 2073 interposita
1064 2023 1164 2061 sunt
1196 2021 1332 2063 multa
1363 2036 1458 2063 cum

117 2076 169 2117 ab
202 2077 298 2130 ipso
320 2077 513 2119 Ausonio
546 2081 637 2119 tum
671 2078 722 2119 ab
756 2077 910 2119 herede
936 2093 1022 2120 non
1049 2079 1287 2132 aptissimis
1314 2081 1460 2122 omnia

115 2135 233 2190 locis,
265 2150 446 2190 quarum
477 2139 643 2190 partem
675 2136 816 2177 nescio
850 2152 903 2177 an
935 2137 1108 2191 pensior
1140 2152 1242 2179 cura
1269 2137 1459 2194 (qualem

115 2193 160 2234 in
187 2195 485 2236 constituenda
511 2210 624 2237 noua
649 2194 832 2237 editione
864 2195 1065 2237 adhibere
1087 2197 1227 2238 solent
1248 2200 1459 2252 auctores,

115 2253 351 2308 neglegunt
377 2252 574 2310 heredes)
602 2254 698 2294 aliis
726 2253 830 2295 locis
861 2254 988 2295 fuerit
1016 2255 1320 2298 adiudicatura.
1357 2271 1456 2298 nam

117 2312 205 2352 suis
246 2312 414 2366 quidem
452 2313 557 2355 locis
599 2313 755 2366 recepti
798 2316 895 2354 suut
937 2312 1140 2355 Caesares
1185 2315 1458 2369 posteriores,
