1563 2511
666 79 713 82 —
779 53 866 94 420
932 77 981 82 --

77 185 257 217 11[cxv111]
386 170 437 204 IN
464 168 662 203 DIDONIS
688 167 938 203 IMAGINEM
964 166 1029 201 EX
1056 166 1258 202 GRAECO.

146 244 229 286 Illa
261 256 341 297 ego
375 257 468 283 sum
500 240 632 295 Dido,
663 241 803 292 uultu,
837 254 964 295 quem
997 240 1228 294 conspicis,
1258 239 1435 293 hospes,

206 301 461 343 Assimilata
494 300 631 342 modis
663 300 924 354 pulchraque
957 299 1157 339 mirificis.

148 361 267 403 Talis
295 375 431 414 eram3
460 359 532 401 sed
559 374 656 413 non,
684 358 805 399 Maro
827 372 953 413 quam
976 357 1083 398 mihi
1102 357 1237 411 finxit,
1264 360 1356 398 erat
1375 370 1495 398 mens

205 419 312 461 Vita
343 434 422 461 nec
454 418 634 461 incestis
666 417 756 459 feta
788 416 1070 471 cupidinibus.

147 478 346 534 Namque
378 492 455 519 nec
489 477 656 519 Aeneas
689 476 799 518 uidit
831 490 898 516 me
931 475 1086 516 Troius
1118 489 1325 530 unquam,
1475 484 1496 516 5

207 537 298 580 Nec
329 537 511 592 Lybiam
545 535 719 577 aduenit
753 534 960 576 classibus
996 534 1156 587 [liacis;

150 595 231 638 Sed
262 596 396 638 furias
429 595 600 650 fugiens
634 598 762 648 atque
795 608 915 634 arma
947 593 1139 646 procacis
1172 591 1361 634 Hiarbae

209 654 406 708 Seruaui,
437 654 596 708 fateor,
627 655 767 694 moite
799 652 1071 706 pudicitiam3

149 714 326 756 Pectore
359 714 565 754 iransfixo
598 714 740 753 costas
775 710 887 765 quod
919 710 1100 764 perculit
1130 710 1263 763 ensis,

208 772 306 814 Non
339 773 458 813 furor
490 773 563 812 aut
594 771 710 812 laeso
744 769 897 811 crudus
932 783 1078 811 amore
1109 769 1249 811 dolor:
1457 779 1499 811 10

152 831 221 873 Sic
253 831 455 873 cecidisse
487 831 618 871 iuuat.
670 829 759 870 uixi
793 828 883 869 sine
916 828 1090 869 uulnere
1123 827 1279 882 famae,

209 890 311 931 Vlta
344 890 486 931 uirum
518 888 672 943 positis
705 888 927 929 moenibus
962 887 1139 942 oppetii,

245 982 277 1015 ΙΙ
309 981 459 1016 Anthol.
486 980 571 1015 XVI
600 984 664 1015 151
693 979 809 1024 (Plan.
839 979 908 1014 IIII
934 983 967 1023 9,
993 980 1051 1023 24)

719 1039 928 1062 ΑΔεεηοΤοΝ

633 1073 685 1114 εἰς
711 1072 842 1109 εἰκόνα
868 1074 1020 1112 Διδοῦς.

339 1120 555 1178 Ἀρχέτυπον
582 1121 724 1162 Διδοῦς
749 1118 957 1165 ἐρικυδέος
983 1120 1010 1154 ὦ
1038 1118 1139 1165 ξένε,
1165 1118 1349 1163 λεύσσεις,

414 1167 545 1204 εἰκόνα
569 1171 761 1224 θεσπεσίῳ
788 1166 917 1203 κάλλεϊ
941 1167 1200 1225 λαμπομένην·

346 1218 438 1275 Τοίη
464 1216 527 1250 καὶ
552 1213 734 1273 γενόμην,
761 1213 845 1250 ἀλλ’
875 1212 919 1250 οὗ
945 1213 1035 1249 νόον
1063 1219 1143 1249 οἱον
1168 1212 1334 1259 ἀκούεις,

415 1263 523 1308 ἔσχον
550 1260 610 1299 ἐπ’
641 1260 828 1307 εὐφήμοις
853 1260 970 1304 δόξαν
998 1259 1245 1320 ἐνεγκαμένη-

346 1308 446 1346 Οὖδὲ
473 1309 544 1355 γὰρ
570 1309 723 1345 Αἰνείαν
748 1322 818 1344 ποτ
863 1307 1086 1366 ἐσέδρακον,
1113 1307 1203 1344 οὐδὲ
1230 1306 1396 1353 χρόνοισι

418 1360 553 1402 Τροίης
577 1355 817 1414 περθομένης
843 1354 988 1401 ἤλυθον
1015 1353 1212 1412 (ἤλυθενῗ)
1241 1354 1278 1396 ἐς
1303 1354 1465 1404 Λιβύην·

340 1403 440 1440 Ἀλλὰ
469 1406 551 1451 βίας
577 1403 771 1449 φεύγουσα
796 1402 989 1459 Ιαρβαίων
1016 1400 1208 1460 ὑμεναίων

414 1453 515 1496 πῆξα
541 1450 638 1487 κατὰ
663 1452 820 1507 κραδίης
846 1449 1043 1509 φάσγανον
1070 1447 1295 1506 αμφίτομον.

343 1500 536 1558 Πιερέδες,
563 1501 603 1533 τί
624 1512 684 1555 μοι
712 1496 830 1543 ἁγνὸν
857 1495 1146 1542 ἐφωπλίσσασθε
1173 1495 1362 1543 Μαρωνα;

416 1559 477 1581 ota
503 1543 598 1581 καθ’
626 1543 808 1591 ἡμετέρης
832 1545 1000 1587 ψεύσατο
1026 1546 1258 1589 παρθενικης

247 1599 270 1646 11
300 1594 343 1629 cf.
365 1593 518 1629 Anthol.
545 1594 609 1628 lab.
631 1593 767 1638 Meyer.
790 1596 880 1628 1183
907 1592 974 1627 Ille
1001 1603 1069 1637 ego
1098 1621 1104 1626 .
1158 1592 1261 1627 .Hic
1288 1603 1368 1627 sum
1395 1604 1504 1637 quem

155 1653 275 1677 cemls
302 1652 398 1676 nunc

251 1694 271 1724 9
298 1689 409 1735 Verg.
436 1688 469 1721 A
494 1689 510 1722 1
530 1691 575 1722 44
601 1688 777 1723 transfixo
804 1688 966 1731 pectore.
1004 1686 1115 1731 Vel-g.
1143 1686 1170 1720 A
1201 1686 1304 1721 VIIII
1325 1690 1390 1722 431
1419 1687 1506 1722 uiri-

155 1737 223 1772 bus
250 1735 347 1771 ensis
375 1736 528 1771 adaehus
555 1734 753 1771 transabiit
780 1735 902 1770 costas
941 1734 985 1768 cf.
1013 1734 1046 1768 X
1072 1737 1138 1769 681
1166 1733 1234 1768 ΧΠ
1260 1737 1328 1769 508

255 1788 298 1818 10
324 1784 434 1828 Verg.
462 1782 494 1816 A
514 1782 546 1816 V
568 1786 588 1817 5
615 1782 696 1817 duri
722 1793 857 1827 magno
886 1782 950 1816 sed
977 1792 1103 1816 amore
1130 1781 1276 1816 dolores
1302 1781 1459 1825 polluto.

255 1834 296 1864 12
323 1830 435 1876 Verg.
468 1829 500 1863 A
525 1829 594 1863 IIII
620 1833 688 1864 655
709 1841 760 1873 sq.
806 1829 933 1864 urbem
972 1828 1204 1873 praeclaram
1244 1827 1380 1873 statui,
1425 1839 1509 1864 mea

157 1878 305 1912 moenia
330 1859 422 1911 uid?
433 1877 513 1912 ulta
537 1877 659 1911 uirum
686 1906 692 1913 .
717 1904 722 1910 .
747 1905 754 1911 .

252 1959 286 1994 ΙΙ
311 1959 367 1993 Ex
387 1935 545 2005 Giaeco]
574 1959 754 2001 Quattuor
779 1958 911 1994 ultima
938 1958 1102 1993 carmina
1121 1958 1230 1993 huius
1250 1957 1508 2003 Epigramma-

157 2007 206 2042 tis
238 2018 312 2042 non
344 2007 529 2041 habentur
560 2007 597 2041 in
628 2017 761 2051 graeco
789 2005 923 2041 Codice
949 2006 1033 2041 add.
1062 2005 1133 2040 VA
1229 2009 1245 2040 1
1275 2016 1384 2050 quem
1410 2006 1509 2041 Bar-

158 2055 256 2090 thius
283 2054 348 2098 qui
373 2054 423 2089 M
434 2053 466 2087 V
498 2065 609 2098 quam
636 2054 671 2088 A
707 2065 780 2097 quo
805 2053 994 2088 Baehrens
1089 2056 1109 2087 2
1137 2052 1357 2088 assimulata
1388 2052 1461 2086 VA

158 2105 181 2136 4
212 2101 309 2136 uitta
335 2101 514 2136 Heinsius
554 2103 558 2142 Ι
597 2100 676 2135 feta
707 2102 765 2135 uel
799 2099 910 2135 foeda
938 2100 1069 2144 Peiper
1106 2100 1206 2135 laeta
1235 2100 1284 2134 M
1297 2100 1368 2134 VA
1406 2100 1510 2134 laesa

160 2148 340 2184 Heinsius
435 2151 456 2182 5
489 2148 565 2194 me]
597 2159 664 2183 nec
698 2148 732 2181 V
826 2152 846 2183 6
878 2147 1035 2191 Libyam
1070 2147 1141 2181 VA
1241 2151 1259 2181 7
1292 2146 1390 2181 furia
1414 2146 1467 2181 Al
1505 2146 1508 2192 Ι

160 2196 289 2231 Iabrae
323 2196 358 2230 V
392 2194 521 2230 Iarbae
548 2197 581 2229 A
681 2198 700 2229 9
735 2196 856 2229 costas
891 2195 1022 2238 Peiper
1067 2195 1189 2229 casbos
1216 2193 1265 2228 M
1275 2194 1349 2229 VA
1388 2196 1510 2229 castus

163 2243 347 2278 Gracnins
368 2244 510 2278 eastum
528 2242 607 2277 Toll
633 2244 734 2277 casto
746 2242 931 2276 Baehrens
954 2244 958 2284 Ι
981 2241 1136 2286 pertulit
1149 2252 1254 2276 enses
1270 2241 1319 2275 M
1331 2241 1403 2276 VA
1418 2251 1507 2277 corr.

163 2290 348 2327 Graeuius
447 2294 490 2324 10
516 2290 639 2325 laesus
668 2290 715 2324 M
739 2289 835 2324 lesos
868 2288 958 2324 VA¹
985 2290 1106 2324 laesos
1133 2289 1168 2323 A
1195 2299 1285 2324 corr.
1306 2288 1507 2324 Accursius
