1563 2511
646 56 852 98 —304
917 81 965 84 —

133 168 250 217 Quae
281 169 429 207 tamen
463 165 644 219 augusta
675 162 862 204 Latiaris
894 162 937 203 in
970 161 1073 202 urbe
1107 159 1271 209 Quirini

134 225 366 268 Caesareas
399 224 513 265 inter
543 221 672 277 parili
702 221 829 262 titulo
861 221 1076 275 palmatas

132 285 289 339 Fulget
319 282 525 325 inadtrito
559 282 736 336 longum
769 279 1027 321 uenerabilis
1061 293 1180 331 auro,

132 343 382 385 Florentem
412 341 601 383 retinens
635 339 780 381 meriti
811 338 974 380 uiuacis
1005 337 1223 379 110Πο1·.0111
1413 346 1481 378 255

133 402 223 444 Aut
255 416 350 443 cum
383 399 545 442 Lucani
576 399 772 441 retineris
807 397 991 439 culmine
1023 396 1161 449 fundi,

134 461 319 502 Aemula
350 458 571 501 Romuleis
603 458 805 499 habitans
837 456 1015 510 fastigia
1045 455 1191 507 tectis,

76 564 79 566 ,
133 520 362 561 Materiam
394 518 626 572 praebente
658 517 772 570 1000,
804 515 875 571 qui
908 514 1103 569 proxima
1135 514 1299 569 signat,

134 578 185 620 In
217 577 459 620 Condatino
493 576 643 617 diceris
676 576 829 629 degere
861 573 985 616 uico‘?

193 636 333 679 Multa
364 636 468 678 iocis
500 637 696 689 pateant3
730 634 860 675 liceat
886 646 1055 688 quoque
1087 631 1232 673 ludere
1259 631 1381 673 fictis.
1415 641 1482 672 260

136 695 219 738 Sed
249 696 399 750 lingua
429 695 642 736 mulcente
675 707 851 748 grauem
882 690 1126 733 interlidere
1159 690 1346 743 dentem,

135 755 300 796 Ludere
336 752 558 795 blanditiis
591 752 815 793 urentibus
849 752 892 791 et
923 750 1034 791 male
1067 750 1211 791 dulces

135 813 410 855 Fermentare
443 812 559 854 iocos
594 811 750 853 satirae
782 809 994 852 mordacis
1027 811 1146 850 aceto

137 871 271 926 Saepe
303 874 548 926 poetarum,
579 884 815 924 numquam
847 869 968 910 decet
1001 881 1093 909 esse
1125 870 1365 921 parentum.

136 930 334 985 Namque
361 930 466 971 fides
491 929 717 984 pietasque
743 930 910 982 petunt,
938 929 1002 982 ut,
1033 926 1145 981 quod
1172 927 1287 968 mala
1311 928 1484 967 nectens

136 990 334 1031 Insinuat
367 988 497 1030 castis
530 988 646 1030 fama
680 987 871 1042 auribus,
903 986 985 1028 hoc
1015 985 1132 1027 bona
1163 985 1255 1027 uoti
1417 995 1485 1026 206

136 1049 257 1091 Mens
290 1048 425 1103 patris
459 1046 591 1102 adfigi
625 1047 841 1101 fixumque
873 1045 1122 1087 haerescere
1155 1044 1273 1086 cordi

137 1106 238 1149 Non
271 1108 394 1148 sinat.
445 1108 487 1148 et
517 1106 673 1161 uulgus
707 1119 859 1147 scaeuo
892 1118 1063 1146 rumore
1095 1104 1335 1158 malignum

137 1167 251 1207 Ante
283 1166 458 1208 habitos
491 1179 650 1218 mores,
681 1179 769 1206 non
803 1178 970 1218 semper
1001 1163 1170 1204 flectere
1203 1163 1338 1204 uitam

137 1224 311 1267 Crimen
336 1225 485 1266 habet:
510 1238 697 1278 namque
725 1225 790 1265 est
816 1223 933 1264 laudi
959 1222 1068 1263 bene
1088 1224 1265 1263 uertere.
1298 1235 1394 1263 cum
1421 1235 1487 1262 me

137 1283 405 1325 Inmutatum
439 1283 576 1337 audis,
612 1282 799 1323 studium
833 1281 1105 1335 officiumque
1137 1280 1319 1336 require.
1420 1290 1486 1321 271

199 1342 243 1384 Si
275 1357 411 1398 prauo
444 1344 625 1395 rectum,
659 1341 694 1384 si
727 1341 949 1396 relligiosa
979 1340 1190 1395 profanis,

138 1402 321 1443 Luxurie
353 1416 548 1455 parcum,
581 1400 699 1454 turpi
731 1402 924 1441 mutatur
955 1399 1205 1452 honestum,

141 1460 311 1516 Segnis,
343 1461 476 1514 iners,
509 1460 716 1501 obscurus
750 1473 851 1514 ago:
884 1459 1086 1499 miserere
1119 1457 1279 1499 sodalis

139 1519 191 1561 In
222 1520 336 1561 mala
366 1522 576 1574 peruersi:
608 1518 816 1560 blandum
849 1518 952 1559 licet
984 1517 1048 1558 ira
1079 1519 1303 1571 parentem
1420 1527 1488 1558 275

235 1628 302 1659 252
330 1625 466 1668 agusta
491 1625 529 1657 Π
562 1626 566 1667 Ι
606 1621 747 1658 latialis
776 1622 812 1656 P
906 1625 975 1656 253
1001 1620 1084 1666 pari
1109 1620 1139 1657 S
1170 1622 1175 1664 Ι
1215 1621 1417 1666 palmatas:
1454 1632 1489 1654 m

138 1682 273 1707 rasura
293 1672 462 1715 affectum
484 1670 518 1705 V
589 1673 657 1704 254
683 1667 863 1704 inadtrito
882 1668 948 1703 VS
972 1669 1125 1703 inatrito
1146 1670 1184 1702 Π
1208 1668 1378 1703 inattrito
1393 1667 1485 1702 P?
1483 1669 1485 1682 ¹

139 1719 250 1763 longe
277 1719 313 1753 P
406 1721 473 1752 255
501 1718 683 1752 forentem
710 1718 749 1751 Π
844 1720 911 1750 257
937 1715 1126 1751 mmulieis
1157 1715 1203 1750 V¹
1227 1719 1231 1757 Ι
1263 1716 1380 1750 dectis
1406 1717 1445 1749 Π

141 1769 209 1801 258
236 1766 394 1800 materia
421 1766 458 1799 P
539 1768 606 1800 259
634 1763 808 1799 collatino
842 1763 877 1798 V
899 1763 1086 1798 conlatino
1114 1765 1153 1797 Π
1172 1764 1177 1806 Ι
1205 1763 1367 1809 ssdiceris
1394 1763 1491 1798 dice-

141 1813 192 1847 ris
219 1813 369 1857 degere:
399 1813 466 1848 litt.
494 1812 602 1847 iceris
630 1812 651 1845 d
679 1815 763 1846 ante
787 1821 874 1855 gere
901 1811 942 1845 in
967 1821 1039 1845 ras.
1067 1811 1114 1845 al.
1145 1810 1177 1844 V
1199 1812 1203 1852 Ι
1227 1810 1380 1855 degerre
1407 1812 1446 1845 H

142 1863 212 1895 260
237 1860 344 1905 iocis]
373 1859 464 1894 satis
490 1859 526 1894 P
557 1860 562 1903 Ι
597 1869 765 1903 quaeque
792 1858 821 1893 S
917 1861 984 1892 262
1011 1857 1156 1902 111ᾶο10]
1190 1857 1339 1892 laudem
1365 1857 1402 1891 P

141 1911 209 1942 263
237 1906 372 1942 satirae
406 1906 440 1941 V
468 1908 472 1949 Ι
507 1907 636 1942 acaeto
669 1905 716 1940 V1
813 1909 883 1940 264
915 1906 1108 1950 parentem
1135 1905 1203 1940 PS
1298 1909 1367 1940 265
1394 1905 1492 1940 male

140 1955 296 1989 noctens
327 1954 364 1989 P
459 1957 527 1989 266
559 1953 660 1988 fama
691 1955 731 1987 H
768 1952 773 1998 Ι
812 1952 894 1987 boti
928 1952 973 1986 V¹
1072 1956 1139 1987 267
1174 1952 1306 1998 adfigi]
1342 1951 1454 1988 VHS
1486 1952 1487 1994 ᾖ

142 2013 332 2047 1101·οεοοτο
364 2012 439 2047 VH
446 2012 474 2047 S
570 2015 638 2047 268
665 2011 719 2058 et]
754 2012 796 2046 ut
820 2012 931 2056 uulgyo
972 2013 976 2055 Ι
1017 2002 1260 2046 scaeuorsiore
1287 2012 1429 2056 (postea
1454 2023 1491 2045 m

142 2060 189 2095 al.
211 2061 271 2104 ss.)
300 2059 334 2093 V
357 2070 527 2094 senorum
556 2070 618 2094 ore
643 2059 680 2093 P
751 2062 819 2094 270
845 2061 986 2093 uertere
1012 2058 1069 2104 V}
1092 2071 1205 2103 quum
1237 2058 1272 2093 V
1342 2061 1409 2093 271
1437 2058 1491 2093 in—

141 2106 343 2152 mutatum]
379 2106 486 2141 VPS
517 2107 521 2149 Ι
550 2117 644 2151 quae
670 2108 709 2140 Π
804 2109 871 2140 272
900 2105 960 2140 Sic
987 2105 1015 2141 S
1045 2107 1049 2149 Ι
1080 2105 1257 2151 religiosa
1289 2105 1403 2142 VHS

143 2158 211 2189 273
237 2154 380 2189 luxorie
406 2153 435 2189 S
465 2153 632 2188 luxuriae
667 2153 701 2187 V
732 2153 876 2188 luxuria
902 2155 940 2186 Π
967 2154 971 2195 Ι
1005 2154 1162 2197 parcunt
1188 2153 1225 2188 P
1254 2153 1260 2198 Ι
1299 2153 1398 2188 turbi
1424 2153 1461 2187 P
1485 2152 1488 2197 Ι

143 2202 308 2236 mutatus
329 2201 428 2245 libri,
454 2210 544 2236 corr.
560 2201 749 2236 Auantius
771 2202 776 2244 Ι
805 2201 960 2235 honesto
983 2200 1017 2234 V
1039 2200 1196 2235 honesta
1216 2202 1255 2234 H
1326 2203 1395 2235 274
1420 2201 1488 2235 sin.

143 2259 258 2295 mary.
277 2252 315 2289 >'<-
343 2247 400 2293 V}
423 2247 604 2294 saegnis
599 2248 626 2282 S
698 2251 741 2282 2”
728 2252 766 2283 ,5
792 2248 833 2282 111
854 2247 953 2282 mala
972 2247 1154 2293 peruersi]
1181 2246 1345 2282 Inmersa
1371 2246 1492 2283 sodali

144 2297 183 2330 Π
203 2297 207 2340 Ι
238 2295 429 2340 blandium
457 2296 485 2331 S
511 2296 514 2342 Ι
549 2297 643 2331 iram
668 2295 704 2330 P
727 2295 739 2330 i
765 2296 822 2341 (ra
847 2297 926 2339 om.)
954 2294 982 2330 5
