1563 2511
680 42 994 84 —378—

163 145 341 188 Achillis
380 146 568 202 iurgium
607 148 767 189 omissa
804 148 1049 199 uideantur,
1086 163 1164 191 nec
1202 149 1342 190 minus
1375 149 1511 190 multa

161 206 213 246 ab
247 204 444 247 Hectoris
483 205 632 248 funere
672 207 725 248 ad
757 221 890 262 usque
921 207 1108 249 deletum
1141 207 1280 249 Ilium.
1330 222 1510 262 quorum

161 264 331 319 quidem
357 264 546 306 maxima
572 266 811 320 expectatio
840 269 932 308 erat
956 269 1135 321 propter
1159 269 1250 308 tam
1277 266 1397 321 longi
1423 281 1510 309 cer-

159 323 337 365 taminis
389 326 819 380 consummationem3
877 325 949 366 sed
999 329 1048 366 ut
1098 326 1290 367 diuinum
1338 329 1510 380 poetam

159 382 286 436 nihil,
332 382 444 437 quod
488 383 655 425 illustre
699 384 848 438 fuerit,
893 385 1087 426 omisisse
1132 387 1339 439 appareat
1383 387 1510 439 atque

160 442 323 495 omnia,
362 456 470 497 quae
501 442 613 484 finiri
647 443 860 497 oportuit,
893 443 1140 498 contigisse,
1174 444 1362 485 breuiter
1393 446 1436 485 et
1465 445 1510 485 in

161 502 373 555 epitomae
408 502 592 555 speciem
625 502 726 543 belli
754 501 898 544 Troici
931 516 1116 557 causam,
1150 503 1349 558 origines,
1382 518 1511 557 appa—

158 562 278 601 ratus
319 574 509 614 quaeque
543 562 667 602 annis
701 561 995 615 superioribus
1029 562 1292 616 acciderunt,
1329 563 1510 603 retexui-

161 633 266 660 mus.
318 619 472 660 horum
500 620 691 661 omnium
717 621 858 674 prima
885 620 1006 675 origo
1035 624 1099 662 est
1119 621 1286 663 Paridis
1306 620 1510 662 iudicium

158 678 272 719 inter
311 678 429 731 deaS,
467 679 614 720 deinde
654 679 803 720 classis
843 680 1078 731 contextio,
1119 695 1203 734 qua
1241 681 1352 721 idem
1384 679 1508 722 Paris

158 738 201 778 in
227 736 449 791 Europam
480 738 722 792 nauigauit3
755 742 846 779 tum
880 738 1019 792 raptio
1047 738 1250 791 Helenae,
1285 754 1391 793 quae
1419 740 1508 793 opi·

157 796 283 837 nione
321 798 515 837 ueterum
554 796 760 850 bipertita
799 799 880 851 est,
920 797 1031 851 quod
1070 798 1261 852 plerique
1295 797 1509 840 Helenam

158 855 278 896 iuxta
303 854 579 897 Homericum
604 856 773 910 plasma
800 856 852 897 ad
877 856 1050 898 Troiam
1079 857 1350 911 deportatam
1376 856 1509 898 fuisse

158 914 527 968 existimauerunt,
558 915 758 956 nonnulli
784 917 928 956 autem
955 916 1120 969 opinati
1147 918 1258 970 sunt,
1286 931 1380 957 cuin
1407 916 1509 957 Ale-

157 973 318 1014 xander
338 988 464 1014 cursu
484 974 726 1015 deerrasset
747 974 999 1041 delatusque
1016 975 1068 1015 ad
1084 974 1330 1029 Aegyptum
1344 975 1508 1029 fuisset,

157 1033 333 1086 cognita
352 1032 581 1086 hospitalis
602 1033 818 1074 foederis
807 1034 965 1074 iniuria
984 1048 1060 1087 per
1074 1034 1336 1089 Aegyptium
1351 1048 1508 1089 regem,

158 1091 529 1133 seruantissimum
555 1092 659 1133 iusti
686 1092 840 1146 uirum,
866 1092 1075 1134 Helenam
1103 1107 1199 1134 cum
1219 1094 1268 1147 is,
1296 1107 1403 1148 quae
1423 1107 1508 1135 una

157 1165 252 1191 Cum
274 1150 421 1192 eadem
439 1151 608 1192 fuerant
624 1152 804 1206 abrepta
818 1151 1045 1206 Paridique
1062 1152 1245 1207 sublata,
1261 1155 1506 1208 expugnato

157 1209 327 1251 demum
359 1209 439 1252 Ilio
473 1209 668 1252 Menelao
701 1211 958 1253 restitutam.

820 1327 846 1361 I.

366 1397 494 1440 Μῆνιν
522 1394 643 1440 ἄειδε,
669 1395 762 1440 θεά,
760 1397 1017 1454 Πηληιάδεω
1041 1395 1201 1442 Ἀχιλῆος

369 1441 589 1488 Οὐλομένην
616 1441 638 1488 ἣ
666 1442 768 1489 μυρί’
794 1442 947 1489 Ἀχαιοῖς
973 1442 1079 1489 ἄλγε’
1109 1444 1250 1490 ἔθηκεν

294 1490 413 1532 Ir,am
441 1491 545 1534 diua,
572 1492 668 1525 refer
693 1492 772 1526 nati
797 1491 929 1527 Peleos
956 1492 1119 1526 Achillei

295 1537 533 1582 Pestiferam,
562 1550 655 1582 quae
681 1539 785 1574 mille
812 1539 916 1574 dedit
941 1539 1155 1575 discrimina
1182 1539 1347 1575 Achiuis.

242 1609 426 1665 Chryses
460 1611 675 1666 Apollinis
716 1612 913 1654 sacerdos
954 1612 1008 1654 ob
1040 1612 1331 1654 redimendam
1370 1613 1505 1654 filiam

153 1684 248 1711 cum
280 1669 597 1725 Agamemnoni
631 1671 931 1726 supplicasset,
964 1672 1274 1713 contumeliose
1306 1673 1503 1727 repulsus

247 1767 291 1798 29
313 1775 391 1807 sqq.
419 1762 594 1798 Herodot.
622 1764 655 1798 Π
683 1767 749 1799 118
772 1775 826 1808 sq.

249 1826 304 1880 16
318 1846 491 1881 uideatur
519 1846 554 1879 P
652 1850 694 1881 17
721 1847 851 1881 hectoi
877 1846 913 1880 P
1007 1850 1049 1880 19
1082 1846 1401 1881 consumationem
1427 1846 1463 1880 P

153 1897 197 1928 20
223 1893 338 1928 nichil
366 1893 401 1927 P
428 1895 435 1938 1
476 1893 568 1928 omis
573 1904 610 1927 se
641 1894 676 1927 P
770 1897 814 1927 22
842 1893 1031 1938 epithome
1059 1893 1095 1928 P
1125 1895 1129 1938 Ι
1168 1893 1320 1939 originis
1346 1894 1383 1928 P
1412 1904 1504 1929 corr.

153 1940 303 1976 Schenkl
326 1941 330 1985 Ι
354 1940 546 1985 apparitus
570 1940 606 1974 P
690 1944 734 1974 23
762 1952 833 1984 que
861 1952 954 1984 quae
976 1941 1012 1975 P
1034 1952 1104 1985 que
1131 1952 1302 1985 quaeque
1323 1940 1475 1976 Schenkl
1498 1947 1501 1986 ῑ

152 1987 350 2022 reteximus
379 1988 415 2021 P
510 1991 554 2022 28
581 1987 680 2022 iusta
705 1988 741 2021 P
835 1992 878 2022 31
906 1987 1042 2022 federis
1071 1988 1107 2022 P
1131 1988 1136 2032 Ι
1170 1999 1235 2033 per
1261 1999 1326 2023 om.
1359 1989 1395 2023 P
1418 1989 1503 2023 add.

152 2035 342 2069 Auantius
440 2039 483 2068 32
517 2034 563 2079 is]
594 2035 629 2068 P
723 2039 767 2069 33
808 2037 1003 2080 arreptaq5
1043 2035 1207 2081 paridiq3
1241 2035 1276 2069 P
1311 2036 1503 2080 abreptam

152 2082 342 2117 Amantius
381 2083 598 2127 (areptani),
640 2082 783 2123 Paris.;
814 2083 925 2126 prius
962 2094 1033 2126 que
1070 2083 1277 2125 Aua‘ntz'us,
1314 2086 1505 2127 utrumque

149 2131 315 2186 (arrepta
339 2128 478 2173 Paridi)
505 2129 707 2164 Accam-stus
732 2130 797 2164 del.
830 2130 831 2173 ᾖ
864 2129 1050 2164 sublatam
1077 2131 1276 2165 Auantius.

244 2188 260 2222 1
292 2189 550 2232 periocharum
587 2189 688 2223 tituli
726 2191 758 2223 et
796 2189 939 2223 ‘numeri
970 2199 1034 2222 om.
1064 2189 1100 2222 P
1198 2193 1213 2223 1
1247 2200 1410 2224 demet-:ea
1436 2189 1501 2233 ΡΙ

150 2238 321 2271 ιῑκιλλιῑοε
346 2236 381 2270 Ρ
476 2239 495 2269 2
524 2247 744 2271 oraomemx.
760 2248 793 2270 11.
810 2235 1124 2281 auuaxaxomaiase
1152 2236 1187 2270 P
1281 2240 1301 2271 3
1327 2235 1451 2281 pelleo
1471 2236 1508 2271 P

198 2287 217 2318 5
244 2283 382 2318 chrises
410 2282 597 2328 appolinis
627 2283 663 2316 P
759 2286 778 2317 6
806 2282 1029 2327 agamenoni
1056 2284 1091 2317 P
