1563 2511
641 49 962 92 —192—

53 167 125 201 127⁷!
538 152 651 188 XVII.
678 153 728 190 Μ.
749 152 1046 188 ANTONINVS.

42 230 51 238 ⁵
122 227 228 269 Post
260 226 405 268 Marco
438 225 577 267 tutela
609 225 750 280 datur3
785 226 856 280 qui
890 225 998 267 scita
1031 224 1225 266 Platonis

182 285 322 327 Flexit
354 285 407 326 ad
438 284 682 339 imperium,
715 287 837 338 patre
869 283 946 325 Pio
979 283 1142 325 melior.
1430 293 1474 324 70

123 343 378 386 Successore
412 358 488 385 suo
521 344 725 396 moriens,
759 346 824 384 set
856 342 1045 396 principe
1078 356 1229 396 prauo,

181 403 276 446 Hoc
309 403 400 445 solo
433 403 619 457 patriae,
651 402 766 457 quod
798 401 963 456 genuit,
995 401 1154 443 nocuit.

53 521 127 552 [278]
576 506 704 541 XVIII.
744 504 1025 541 COMMODVS.

123 578 386 622 Commodus
418 579 680 634 insequitur,
712 579 869 633 pugnis
902 578 1147 619 maculosus
1180 578 1383 632 harenae,

181 638 460 680 Thraecidico
493 639 690 692 princeps
724 638 837 679 bella
869 651 1046 679 mouens
1080 637 1237 692 gladio.

122 697 244 740 Eliso
279 697 451 739 tandem
483 697 733 751 persoluens
767 699 940 751 gutture
973 710 1154 751 poenas,
1433 706 1476 738 75

184 756 444 798 Criminibus
476 755 619 797 fassus
653 756 805 796 matris
838 755 1105 796 adulterium.

52 873 127 904 [279]
457 858 608 893 XVIIII.
646 857 857 893 HELVIVS
884 857 1143 893 PERTINAX.

123 932 270 986 Helui,
301 931 458 973 iudicio
491 933 533 972 et
565 931 759 972 consulto
791 931 900 972 lecte
933 930 1090 985 senati,

183 991 388 1045 Princeps
422 990 602 1032 decretis
635 985 822 1044 prodite,
853 1004 942 1031 non
975 989 1141 1031 studiis.

124 1050 246 1099 Quod
280 1050 418 1091 doluit
451 1050 561 1090 male
594 1049 679 1090 fida
711 1049 882 1103 cohors,
916 1063 1057 1090 errore
1089 1048 1290 1103 probato,

183 1108 313 1151 Curia
345 1108 459 1163 quod
491 1108 644 1150 castris
677 1111 866 1149 cesserat
897 1108 1090 1162 imperio.
1434 1118 1477 1149 80

54 1228 129 1258 [Μ
531 1211 610 1247 XX.
643 1211 808 1246 Dinivs
834 1211 1076 1247 rvLiAst

124 1285 180 1328 Di
212 1286 337 1340 bene,
370 1284 483 1340 quod
516 1284 674 1339 sceptri
706 1283 858 1325 Didius
890 1298 977 1325 non
1010 1283 1169 1339 gaudet
1202 1283 1356 1338 opimis

183 1344 242 1386 Et
275 1344 360 1386 cito
393 1344 564 1398 periuro
598 1344 790 1398 praemia
824 1343 1025 1397 adempta
1058 1343 1160 1385 seni.

124 1403 289 1458 Tuque,
323 1402 478 1444 Seuere
510 1405 656 1457 pater,
687 1402 863 1443 titulum
895 1416 947 1443 ne
979 1402 1178 1444 horresce
1212 1402 1430 1443 nouantis.

183 1462 285 1504 Non
316 1462 431 1516 rapit
463 1462 691 1517 imperium
723 1461 790 1502 uis
822 1465 916 1514 tua,
949 1461 1021 1502 sed
1052 1461 1218 1515 recipit.

222 1560 264 1591 69
293 1555 360 1589 Iul.
388 1553 590 1599 Capitolini
617 1554 663 1588 M.
686 1554 771 1588 Ant.
793 1552 1043 1598 Philosophus
1069 1556 1125 1595 27,
1148 1557 1166 1587 7
1195 1552 1379 1587 sententia
1399 1551 1479 1586 Pla-

124 1603 223 1638 tonis
256 1613 401 1647 semper
433 1601 472 1636 in
506 1612 568 1636 ore
601 1599 703 1635 illius
736 1600 808 1634 fuit
832 1600 962 1635 florere
991 1601 1179 1643 ciuitates,
1213 1599 1244 1633 si
1270 1600 1335 1634 aut
1360 1599 1479 1644 philo-

126 1651 234 1695 sophi
261 1651 487 1694 imperarent
514 1650 577 1683 aut
603 1648 828 1692 imperantes
854 1648 1218 1692 philosopharentur.

221 1744 323 1779 XVII
355 1744 393 1778 M
423 1743 457 1778 V
480 1743 549 1778 .M.
582 1742 614 1778 T
621 1741 655 1777 G
679 1741 828 1776 Marcus
849 1745 924 1777 cett.
949 1743 954 1787 Ι
977 1741 1158 1777 Antonius
1181 1741 1257 1777 TG
1278 1741 1482 1786 imperator

125 1793 209 1828 add.
240 1792 272 1826 T
281 1792 315 1827 G-
337 1793 341 1836 Ι
364 1791 517 1826 Mai-cho
549 1790 581 1825 T
600 1792 604 1834 Ι
627 1789 691 1833 qui
717 1789 827 1834 scita]
857 1789 1028 1833 quaesita
1050 1789 1084 1823 Z
1178 1793 1199 1823 2
1225 1788 1363 1834 Flexit]
1390 1788 1480 1822 Foe-

124 1838 174 1873 ΡΧ
205 1838 237 1873 Τ
260 1839 369 1874 Serus
396 1839 446 1874 M
538 1842 557 1872 3
586 1836 657 1882 set]
684 1836 741 1880 V}
763 1837 895 1882 prauo]
923 1847 1010 1883 seno
1038 1836 1074 1871 Β
1170 1839 1192 1870 4
1218 1836 1340 1882 patrie
1368 1834 1480 1880 (patri

128 1888 243 1928 eraso)
269 1886 320 1919 BS

221 1932 344 1967 XVIII
363 1932 567 1977 imperator
587 1931 670 1966 add.
697 1930 730 1965 Τ
737 1930 770 1965 G
847 1935 863 1965 1
887 1931 1063 1965 comodus
1088 1930 1121 1966 T
1139 1932 1144 1975 Ι
1167 1939 1300 1965 arenae
1319 1929 1387 1964 αΒ
1400 1929 1486 1964 TM

174 1983 193 2014 2
222 1979 456 2014 Threcidico:
485 1980 509 2013 h
535 1990 578 2013 ex
603 1990 620 2012 r
646 1988 736 2013 corr.
767 1977 800 2011 T
825 1978 1074 2021 Threcidiquo
1108 1977 1153 2012 ῘῘι
1179 1976 1369 2012 Trecidico
1397 1976 1486 2011 PM

128 2027 132 2073 Ι
161 2027 261 2062 uella
286 2027 439 2061 mobens
471 2026 516 2059 V1
615 2029 635 2059 3
662 2024 878 2070 persolbens
909 2025 966 2071 Vl
989 2027 1122 2071 guture
1148 2026 1185 2059 Σ
1204 2026 1208 2069 Ι
1230 2035 1345 2069 penas
1371 2023 1408 2058 P

126 2078 148 2109 4
173 2074 289 2109 falsus
317 2074 354 2108 P
380 2073 484 2108 falsis
511 2072 547 2107 Β

0 2134 111 2169 VBP
222 2126 358 2161 XVIIII
387 2126 557 2160 Helinius
589 2125 624 2160 V
713 2129 729 2159 1
758 2125 883 2160 Heliui
909 2125 967 2170 Vl
990 2123 1125 2171 senati]
1159 2123 1253 2159 V¹P
1342 2127 1362 2158 3
1389 2123 1478 2158 fida:

127 2179 176 2213 da
202 2186 244 2210 ecc
270 2174 314 2209 de
341 2175 400 2217 ΣΙ
424 2173 584 2217 quohors
615 2172 660 2206 Vl
684 2174 688 2218 Ι
711 2174 866 2217 prouato
900 2172 947 2207 V¹

223 2226 290 2260 XX
318 2230 334 2260 1
358 2225 418 2261 Dii
433 2226 469 2261 B
490 2225 550 2261 dic
564 2226 613 2270 ,ΡΙ
629 2226 782 2270 sceptris
803 2226 936 2261 Vcorr.
955 2226 1086 2271 Peiper
1101 2224 1250 2261 sceleris
1264 2224 1338 2259 ΒΣ
1351 2223 1480 2258 celeris

130 2274 166 2309 P
184 2273 311 2319 spoliis
326 2273 499 2319 Luydzm.
516 2273 518 2317 Ι
537 2273 625 2318 non]
646 2272 695 2317 qd
710 2273 745 2308 Β
762 2274 763 2317 Ι
783 2273 934 2318 opimis:
957 2285 971 2308 s
987 2275 1033 2309 al.
1051 2274 1135 2309 add.
1151 2275 1186 2307 Σ
1244 2276 1264 2307 3
1287 2282 1428 2307 orresce
1450 2270 1484 2305 V
