1563 2511
582 62 627 66 —·
697 49 842 79 LXXVI
904 61 961 67 —-

96 142 230 186 poetae
244 140 317 175 uiri
329 140 532 176 consularis
548 140 860 186 epigrammatum
875 142 913 176 et
927 140 1193 187 aepistolarum
1206 141 1449 177 fracmenta.“

97 191 214 231 deest
256 190 528 245 subscriptio.
589 191 634 232 in
668 191 751 232 fine
783 191 884 232 libri
916 191 1086 232 nouicia
1118 191 1328 246 quaedam
1360 191 1448 245 epi-

95 252 340 304 grammata
382 248 564 305 Angeli,
612 250 807 301 Aemilii,
854 249 995 292 Porcii
1038 250 1252 292 recentior
1294 264 1449 292 manus

98 308 266 350 adiecit.
331 307 494 350 Graeca
532 308 694 350 omissa
732 311 833 350 sunt
871 308 1024 363 spatiis
1062 309 1236 350 relictis.
1297 308 1451 350 desunt

95 368 228 422 epigr.
256 367 312 409 28
340 365 406 423 (3)
439 383 477 409 u.
506 369 529 409 7
559 370 602 409 et
629 368 673 422 8,
706 371 748 409 et
780 367 833 409 91
857 366 963 424 (80).
1012 367 1201 409 ordinem
1235 367 1448 422 epigram-

94 430 260 468 matum
292 425 408 468 foliis
441 426 606 481 aliquot
636 427 917 480 transpositis
949 426 1171 468 turbatum
1200 427 1292 481 ipse
1319 426 1448 468 libra-

92 485 182 527 rius
214 486 259 527 in
291 485 558 540 marginibus
589 485 682 528 foll.
716 486 822 528 1511]ι
856 485 956 527 1541
987 485 1180 528 correxit.

191 556 368 598 Vrbinas
389 558 474 598 649
494 557 672 598 membr.
706 555 834 598 Statii
861 557 992 598 siluas
1014 557 1208 611 sequitur
1227 556 1448 599 Ausonius

92 614 120 657 f,
156 615 386 657 ‘Il—123¹,
448 618 628 664 „Ausonii
659 620 795 655 Poetae
827 619 921 655 liber
953 619 1094 664 primus
1119 619 1289 664 incipit.“
1351 616 1450 657 sub-

94 674 271 729 scriptio
303 689 392 716 non
424 675 556 716 adest.
601 675 793 730 sequitur
826 673 1025 716 Sidonius
1058 673 1086 715 f.
1116 674 1382 716 12311—176.

184 732 292 775 Cum
324 732 536 775 Vrbinate
571 734 634 775 ita
672 734 908 788 conspirat,
946 736 994 775 ut
1034 747 1180 774 omnes
1217 748 1267 774 ex
1299 733 1448 775 eodem

92 791 204 833 libro
250 792 489 846 descriptos
534 807 626 835 esse
673 795 897 847 appareat,
948 795 990 834 et
1033 792 1295 834 Barberimcs
1332 795 1448 835 1472

93 848 273 904 (VIIII
279 849 352 903 19)
374 852 552 893 membr.
567 852 640 906 qui
662 853 802 893 solum
817 851 1057 893 Ausonium
1079 852 1272 894 continet
1288 850 1447 908 (‚‚Auso-

93 907 146 942 nii
185 907 315 942 Peonii
352 909 487 953 poetae
525 908 762 944 disertissimi
792 909 1102 954 Epigrammaton
1138 908 1233 943 liber
1269 909 1446 954 primus“.

93 957 356 1011 subscriptio
401 956 562 1013 deest),
608 960 650 1000 et
693 957 1098 1012 Mayziabecchianus
1144 957 1239 1000 VII
1277 961 1324 1013 8,
1367 960 1448 1000 315

93 1016 271 1058 membr.
303 1017 377 1057 ubi
397 1016 425 1057 f.
445 1017 603 1058 l—ssOr
622 1016 839 1059 Ausonius
861 1017 941 1059 hac
960 1017 1241 1072 inscriptione
1263 1017 1447 1059 adiecta:

91 1078 197 1123 „Caii
218 1078 310 1113 Solii
330 1078 472 1114 Sidonii
490 1078 717 1124 Apollinaris
738 1079 1043 1125 Panagiricorum
1061 1080 1156 1115 liber
1174 1080 1342 1126 incipit.“
1376 1076 1449 1118 60¹⁶

93 1134 226 1175 -621Γ
244 1134 372 1175 index
394 1135 634 1176 carminum
656 1134 1006 1176 Ausonianorum
1027 1151 1059 1177 s.
1079 1134 1207 1177 XVII
1227 1135 1446 1177 confectus

93 1195 136 1233 et
172 1193 423 1247 inscriptus:
468 1197 531 1241 „C.
566 1197 659 1233 Solii
698 1197 842 1232 Sidonii
879 1198 1107 1243 Apollinaris
1142 1199 1448 1243 Panagiricorum

91 1255 241 1290 Index“.
286 1252 313 1294 f.
341 1252 397 1293 63
430 1254 472 1293 et
503 1253 575 1294 641
607 1251 772 1294 Sidonii
803 1253 933 1294 index
966 1253 1113 1294 eadem
1145 1269 1200 1295 m.
1234 1256 1447 1305 exaratus,

93 1311 166 1365 qui
199 1311 430 1365 inscriptus
464 1315 529 1353 est
560 1318 698 1365 „Index
722 1319 945 1353 Poematum
970 1315 1162 1353 Ausonii.“
1215 1313 1242 1354 f.
1276 1313 1332 1354 65
1353 1328 1443 1368 sqq.

92 1369 278 1411 Ausonii
305 1370 513 1425 opuscula
539 1377 720 1421 „Ausonii
745 1378 884 1412 Poetae
912 1377 1021 1413 Liber
1047 1377 1248 1413 Foeliciter
1273 1376 1445 1424 Incipit.“

181 1429 494 1471 Laurentianus
518 1431 577 1482 pl.
604 1430 831 1471 XXXIII
856 1445 886 1472 c.
912 1429 1119 1472 XVIIII
1145 1431 1279 1473 chart.
1308 1446 1338 1473 s.
1363 1430 1445 1472 XV

91 1487 180 1530 foll.
208 1489 264 1530 60
297 1489 389 1530 sola
415 1488 668 1530 Ausoniana
700 1490 902 1531 continet.
945 1490 1096 1532 titulos
1124 1505 1271 1532 omnes
1299 1491 1446 1532 omisit

94 1547 293 1588 librarius
327 1548 480 1602 spatiis
512 1548 724 1601 indicatis,
757 1549 861 1590 item
895 1548 1058 1590 Graeca
1089 1549 1234 1591 uerba.
1291 1549 1446 1592 desunt

91 1606 224 1661 epigr.
260 1607 354 1648 127.
389 1607 455 1648 80.
488 1607 526 1661 3,
549 1618 579 1648 7.
600 1618 632 1649 8.
666 1607 734 1661 24,
755 1618 786 1649 5.
808 1618 839 1649 6.
875 1609 942 1662 72,
964 1619 994 1650 7.
1016 1619 1047 1650 8.
1093 1611 1313 1650 uetustum
1343 1610 1445 1651 scri-

90 1665 219 1706 bendi
258 1679 392 1720 genus
427 1666 663 1708 adfectauit
692 1667 913 1718 librarius,
950 1681 1050 1708 nam
1083 1667 1186 1722 quoi
1224 1682 1353 1722 quom
1391 1668 1444 1709 si-

91 1724 211 1765 milia
247 1725 446 1778 plurimis
485 1725 590 1767 locis
634 1725 798 1780 intulit,
843 1726 968 1768 simul
1008 1727 1292 1781 ineptissimis
1331 1741 1443 1769 com-

91 1783 250 1824 mentis
289 1784 537 1838 inquinauit
568 1787 743 1826 textum.
792 1785 873 1827 hoc
907 1786 1049 1827 codice
1075 1785 1307 1828 Accursius
1339 1801 1442 1828 usus

92 1845 174 1896 est,
206 1846 307 1896 post
333 1842 541 1885 Nicolaus
575 1844 680 1898 (non
712 1844 878 1898 Daniel,
911 1845 1023 1899 quod
1055 1843 1283 1901 putabam)
1309 1844 1442 1886 Hein-

91 1901 193 1954 sius,
213 1901 285 1955 qui
299 1902 345 1942 in
360 1902 651 1944 Tornaesiano
668 1904 911 1958 exemplari,
926 1904 1037 1958 quod
1052 1906 1116 1945 est
1129 1903 1331 1958 Lugduni
1345 1903 1442 1946 Bat.

92 1960 175 2001 758
197 1959 240 2001 F.
260 1962 326 2015 11,
353 1961 513 2003 multas
543 1977 591 2004 ex
612 1976 660 2003 eo
682 1962 888 2004 lectiones
910 1963 1150 2017 adscripsit.
1171 1962 1222 2004 cf.
1243 1961 1441 2005 Schenkl.

89 2033 128 2073 p.
161 2018 283 2060 XXV
322 2021 466 2062 adnot.
498 2021 537 2063 9.
599 2034 678 2076 ego
716 2021 955 2063 Hermanni
992 2022 1111 2063 Petri
1155 2022 1441 2064 conlationem

87 2078 221 2119 habui
254 2094 288 2120 a.
325 2080 437 2121 1862
468 2079 641 2122 factam.

179 2137 382 2179 Nondum
422 2139 618 2180 conlatus
658 2139 829 2194 quidem
870 2140 943 2181 sed
977 2140 1049 2195 qui
1080 2140 1278 2181 uideatur
1310 2141 1352 2181 Z
1377 2139 1439 2182 fa·

91 2196 236 2237 miliae
271 2211 381 2239 esse:
422 2197 691 2240 Valentiam&
722 2199 813 2240 bibl.
837 2199 952 2252 publ.
983 2202 1068 2241 146
1101 2214 1133 2240 s.
1165 2198 1258 2240 XV.

181 2254 382 2298 Codicem
433 2257 536 2299 bibl.
585 2256 628 2300 S.
672 2257 857 2311 »Spiritus
899 2258 1138 2301 Florentiae
1181 2273 1206 2300 a
1250 2258 1439 2300 Iohanne
