1563 2511
78 189 162 230 376
196 187 524 242 Symmachus
547 185 754 228 Gratiano
776 185 1060 228 Ausonium
1080 186 1230 228 laudat
1250 186 1422 228 nomine

193 261 280 288 non
319 246 462 288 addito
496 250 566 296 (ep.
588 251 620 285 X
641 256 673 295 2,
695 251 750 293 5>2
787 245 1015 300 „facundia
1052 259 1119 287 res
1153 251 1250 286 'esse
1283 245 1424 299 coepit

193 305 380 384 imp-erik
412 319 511 345 nam
538 303 673 345 Musis
707 304 750 345 in
782 304 944 358 palatio
977 305 1073 345 loca
1104 305 1239 346 lautia
1270 307 1318 346 tu
1350 304 1419 345 de-

75 423 158 464 377
193 364 470 464 ‘siffssssssffianus
504 422 651 463 consul
676 421 778 463 ΠΗ.

77 493 159 535 377
193 493 498 534 Thalassius
533 490 704 546 (postea
730 491 912 532 Ausonii
944 490 1092 546 gener)
1121 492 1306 533 uicarius
1333 491 1423 533 Ma·

194 552 395 593 cedoniac
423 557 573 602 (Symm.
602 568 658 601 ep.
680 557 696 590 Ι
716 561 759 591 25
787 557 832 592 cf.
858 557 1008 591 Paulini
1028 556 1235 591 Eucharist.
1257 561 1302 591 24
1316 557 1421 601 sqq.).

195 611 284 651 eius
316 610 432 650 filius
466 624 517 650 ex
548 610 689 663 priore
723 610 902 664 coniuge
930 616 1039 653 (unde
1059 615 1213 660 praedia
1232 615 1300 650 illa
1320 616 1424 650 auita

196 669 233 702 et
271 669 440 701 materna
476 667 514 700 in
540 665 653 710 Epiro
686 667 724 700 et
755 666 898 700 Achaia
930 667 1003 701 sita
1034 666 1235 711 contigisse
1266 666 1422 701 Paulino

194 714 370 758 suspicor,
386 714 430 747 de
446 713 578 757 quibus
594 714 759 757 loquitur
772 714 809 747 in
824 713 1031 749 Eucharist.
1060 726 1120 747 uu.
1137 717 1204 748 273
1221 715 1258 747 et
1271 716 1341 747 414
1356 716 1424 756 sq.)

192 763 460 816 Paulinus,
499 762 698 803 carminis
731 762 1016 803 Eucharistici
1055 763 1128 817 qui
1168 766 1231 803 est
1264 765 1424 815 auctor,

192 821 337 862 Pellae
368 825 496 862 natus
530 825 603 862 aut
636 836 671 863 a.
699 822 783 862 376
818 836 878 862 ex.
913 824 986 862 aut
1012 821 1109 862 377.

75 892 310 934 377-380
342 891 624 946 Hesperius
657 891 898 945 praefectus
930 892 1148 945 praetorio
1181 891 1334 933 Italiae
1366 891 1423 932 Il—

194 951 318 1004 lyrici
344 950 516 991 Africae
543 956 644 997 (Cod.
667 957 823 991 Thedos.
845 958 861 990 Ι
884 961 937 1001 15,
959 961 978 992 8
1000 957 1034 992 d.
1056 961 1111 992 21.
1132 957 1208 991 lan.
1230 961 1309 1000 377,
1335 957 1423 991 Vm

196 1011 229 1051 5,
250 1011 294 1042 34
321 1008 353 1041 d.
375 1011 418 1042 27
440 1006 543 1041 Febr.
572 1006 645 1041 uid.
674 1008 720 1041 ad
747 1019 780 1041 a.
801 1008 899 1051 378).

81 1073 162 1110 376
192 1073 262 1109 aut
296 1073 378 1109 377
414 1071 683 1120 Symmachi
716 1071 763 1108 ad
791 1071 1011 1109 Ausonium
1039 1084 1104 1120 ep.
1133 1072 1224 1109 116
1259 1073 1423 1119 <‚‚f1·atris

195 1125 269 1159 mei
294 1124 466 1169 Hesperii
491 1126 629 1159 honore
657 1125 831 1169 exulto“).

194 1173 444 1215 Lentienses
484 1173 792 1214 Alamannicus
837 1175 1020 1228 populus
1065 1174 1276 1215 tractibus
1314 1173 1425 1215 Rae-

194 1232 351 1274 tiarum
386 1232 564 1273 confinis
591 1231 788 1274 Romana
821 1233 1057 1274 conlimitia
1082 1235 1299 1288 temptant
1324 1238 1423 1280 (Am-

196 1289 309 1323 mian.
330 1289 450 1322 XXXI
473 1293 526 1332 10,
547 1290 594 1332 2).

81 1338 164 1379 378
198 1339 253 1379 in.
298 1339 556 1379 Ausonius
590 1340 866 1391 quaesturam
899 1338 1106 1392 deposuit.

193 1400 320 1450 igitur
359 1401 450 1437 ante
488 1401 592 1437 hunc
631 1412 777 1437 annum
816 1400 963 1449 scripta
1004 1403 1063 1438 est
1103 1401 1332 1450 Symmachi
1372 1401 1422 1439 ad

196 1460 345 1496 Auson.
377 1472 436 1507 ep.
470 1459 488 1496 I
522 1460 575 1497 23
611 1461 822 1506 (‚,quaestor
851 1460 926 1504 es“)

77 1514 161 1556 378
195 1515 249 1556 in.
274 1539 323 1543 -
347 1515 434 1556 379
463 1518 566 1555 aest.
592 1514 913 1568 Thalassius,
945 1514 1127 1556 Ausonii
1154 1529 1295 1569 gener,
1326 1530 1423 1569 pro-

197 1574 346 1614 consul
390 1573 562 1614 Afrieae
607 1576 708 1620 (Cod.
735 1576 917 1612 Theodos.
940 1578 991 1612 XI
1018 1582 1073 1621 36,
1100 1581 1251 1612 23—25.
1290 1577 1340 1612 XI
1367 1582 1423 1621 30,

195 1635 250 1665 37.
295 1629 442 1664 Paulini
468 1630 675 1664 Eucharist.
701 1633 743 1664 31
761 1640 838 1673 sqq.
877 1630 1028 1674 Epiced.
1056 1634 1119 1665 45:
1153 1630 1261 1664 huius
1289 1642 1358 1675 ego
1385 1631 1424 1665 et

194 1679 321 1711 natum
349 1680 386 1712 et
410 1688 587 1721 generum
613 1687 679 1721 pro
707 1677 857 1711 consule
884 1676 988 1722 uidi).

78 1725 161 1767 378
196 1726 454 1767 Ausonius
493 1726 736 1780 praefectus
775 1724 1014 1767 Galliarum
1053 1732 1164 1774 (inter
1198 1737 1251 1767 12.
1277 1733 1359 1768 Jan.
1387 1734 1425 1767 et

196 1795 251 1826 20.
273 1791 359 1836 Apr.
382 1796 461 1835 378,
483 1791 528 1826 cf.
551 1791 637 1825 Cod.
660 1791 841 1825 Theodos.
861 1791 949 1825 VIH
969 1795 1002 1835 5,
1022 1791 1092 1834 35).
1138 1800 1237 1826 mox
1257 1784 1423 1827 Galliae

196 1858 290 1885 cum
322 1844 451 1885 Italia
489 1844 742 1885 coniunctae
782 1847 880 1884 sunt
918 1844 996 1895 ita,
1033 1847 1081 1885 ut
1111 1844 1423 1899 praefecturam

194 1917 324 1943 unam
368 1901 608 1944 Occidentis
653 1902 872 1943 efficerent
915 1903 1095 1957 imperio
1140 1903 1355 1958 collegiali
1399 1918 1424 1944 a

195 1964 316 2015 patre
335 1961 508 2015 filioque
529 1961 913 2002 administrandam
938 1965 1094 2009 (factum
1115 1967 1186 2001 hoo
1211 1966 1308 2000 inter
1328 1967 1422 2010 Aug.

197 2022 266 2053 378
293 2020 329 2052 et
356 2021 387 2053 5.
408 2019 481 2052 Jul.
502 2022 570 2053 379
599 2018 642 2053 cf.
672 2018 758 2052 Cod.
788 2018 970 2054 Theodos.
997 2018 1095 2062 XIII,
1124 2023 1154 2062 1,
1184 2022 1236 2052 11.
1257 2039 1302 2044 —-
1322 2017 1423 2053 Grat.

194 2064 276 2099 Act.
303 2068 348 2099 40
374 2076 484 2100 uoces
511 2065 675 2100 omnium
699 2064 917 2109 Galliarum,
944 2077 1098 2109 quarum
1119 2067 1307 2110 praefecto
1328 2066 1425 2100 hanc

194 2111 515 2147 honorificentiam
557 2112 804 2157 (consulatum
844 2115 907 2157 sc.)
945 2112 1123 2148 detulisti.
1177 2113 1265 2147 ibid.
1301 2117 1338 2147 7:
1376 2113 1423 2146 ad

195 2158 452 2203 praefecturae
473 2159 671 2204 collegium
691 2158 789 2193 filius
811 2171 893 2194 cum
915 2162 1020 2204 patre
1042 2160 1266 2195 coniunctus,
1313 2160 1356 2194 cf.
1381 2164 1422 2193 11

197 2207 235 2240 et
254 2209 308 2241 83.
349 2205 467 2242 Pracf.
489 2207 505 2240 Ι
525 2212 580 2242 36.
614 2205 764 2250 Epiced.
786 2210 830 2241 42
858 2207 1066 2251 praefectus
1089 2207 1205 2241 Gallis
1227 2208 1264 2241 et
1282 2206 1422 2249 Libyae

197 2253 235 2286 et
271 2253 389 2288 Latio.
458 2253 642 2297 Protrept.
683 2257 725 2287 91
764 2256 1035 2298 praefecturam
1073 2255 1269 2299 duplicem.
1334 2253 1421 2288 Cod.

198 2307 377 2343 Theodos.
412 2308 444 2342 X
476 2313 537 2353 ⁶20,
574 2308 640 2350 10).
704 2302 921 2344 Ausonius
967 2318 1061 2345 eum
1104 2304 1308 2345 honorem
1354 2302 1423 2342 de-
