1563 2511
622 90 938 131 —117—

37 241 65 266 v
84 239 161 271 [330]
312 225 377 260 AD
404 225 651 261 PICTOREM
676 226 738 260 DE
766 226 998 261 BISSVLAE
1025 228 1242 265 IMAGINE.

109 311 280 352 Bissula
311 324 387 351 nee
420 310 526 351 eeris
558 324 636 351 nee
667 310 764 352 fuco
797 311 1021 352 imitabilis
1054 313 1142 354 ullo

107 369 316 411 Naturale
348 369 474 410 decus
506 369 631 410 fictae
662 383 750 410 non
781 369 1024 411 commodat
1057 371 1148 411 arti.

109 426 278 482 Sandyx
310 430 352 469 et
384 442 549 481 cerusa,
582 427 689 469 alias
723 428 923 469 simulate
955 428 1139 482 puellas:
1417 443 1449 469 35

107 486 373 541 Temperiem
393 486 504 527 hane
524 486 669 527 uultus
689 487 828 528 nescit
847 501 1010 528 manus.
1049 501 1150 542 ergo
1179 502 1274 543 age,
1301 490 1450 544 pictor,

106 545 315 587 Puniceas
349 544 560 588 confunde
592 559 712 586 rosas
746 548 788 586 et
819 545 909 586 lilia
941 546 1089 599 misce,
1429 560 1449 590 5

107 603 272 659 Quique
305 604 386 645 erit
418 618 468 645 ex
499 603 586 644 illis
619 604 737 645 color
769 604 897 657 aeris,
929 605 1020 658 ipse
1053 605 1110 646 sit
1143 606 1238 646 oris.

34 744 79 771 VI
100 744 172 775 [331]
306 730 372 764 AD
399 729 644 765 PICTOREM
670 730 733 764 DE
759 729 958 766 BISSVLA
983 732 1247 767 PINGENDA.

104 815 286 870 Pingere
320 815 355 856 si
386 816 598 868 nostram,
628 815 784 869 pictor,
817 815 1034 857 meditaris
1069 816 1306 870 alumnam,

164 874 347 915 Aemula
379 872 605 928 Cecropias
640 888 708 915 ars
741 873 934 916 imitetur
966 889 1078 928 apes.
1415 888 1450 912 40

624 983 646 1005 >oc
766 983 787 1005 *
910 985 930 1006 ³0<

624 1065 645 1087 :k
766 1067 787 1088 ηε
910 1067 928 1087 *

624 1148 645 1170 20<
767 1151 787 1169 η(
910 1150 930 1170 20<

199 1247 233 1280 V
269 1251 286 1280 1
315 1258 359 1282 ne
387 1247 478 1282 ceris
507 1247 556 1281 M
575 1248 579 1291 1
601 1246 792 1282 mutabilis
820 1248 875 1290 (in
900 1258 1012 1292 mary.
1041 1248 1084 1292 -}-
1111 1249 1208 1293 add.)
1240 1248 1272 1281 T
1343 1251 1363 1282 2
1391 1259 1450 1283 co-

105 1295 232 1329 modat
260 1295 294 1328 Τ
387 1299 407 1329 3
434 1295 574 1329 sandux
602 1295 635 1328 T
659 1294 789 1330 sandix
818 1293 852 1329 G
877 1294 1012 1330 sandus
1041 1295 1090 1329 M
1110 1296 1114 1340 Ι
1146 1305 1273 1329 cerusa
1301 1294 1357 1339 ΤΙ
1387 1295 1450 1330 sti-

105 1341 245 1376 mulate
275 1341 308 1375 T
403 1346 423 1377 6
450 1341 620 1386 quodque
650 1342 682 1376 T

200 1401 251 1435 VI
275 1404 388 1437 totum
414 1411 557 1437 carmen
583 1412 648 1437 om.
671 1402 720 1436 M
746 1403 750 1445 1
777 1404 860 1446 post
884 1402 916 1436 h.
944 1412 971 1437 e.
998 1402 1113 1436 multa
1138 1401 1356 1437 interierunt
