1563 2511
627 38 916 80 ..76-

157 144 320 199 Impius
354 146 452 185 ante
486 158 581 186 aras
615 158 741 198 quem
771 143 920 185 fraude
953 144 1135 198 peremit
1167 142 1361 199 Orestes,

220 202 329 252 Quid
362 203 535 258 mirum,
567 217 690 245 caesa
721 203 807 244 iam
839 203 1053 258 genetrice
1085 203 1243 245 furens.

31 367 105 399 [227]
630 353 663 388 X
697 353 929 388 EVRYALO

101 437 194 480 Nee
227 452 294 480 me
326 452 414 479 non
446 438 621 493 dignum
653 438 779 479 titulo
813 437 1045 479 Pleuronia
1076 437 1226 492 credit,

161 495 239 538 Cui
270 497 509 539 eommunis
542 499 635 538 erat
667 511 762 538 cum
795 495 1002 538 Diomede
1035 496 1204 551 domus,

100 555 291 611 Euryalo
326 559 368 597 et
400 555 623 598 Sthenelo:
655 570 755 597 nam
787 556 942 597 tertius
974 555 1057 597 hoe
1089 569 1168 611 ego
1201 569 1384 611 regnum

160 614 358 666 Possedi,
390 615 440 656 de
473 629 556 669 quo
589 629 703 656 nune
736 615 841 656 satis
875 618 940 656 est
970 615 1172 657 tumulus.

34 768 105 799 [228]
654 753 705 788 XI
740 753 842 789 GVN
845 753 906 789 EO

103 839 252 881 Gunea
284 842 442 894 pontus
475 838 627 892 habet,
659 838 850 880 tumulus
884 838 975 880 sine
1009 853 1183 893 corpore
1216 853 1384 880 nomen.

162 898 294 940 Fama
326 898 522 939 homines
554 897 687 951 inter,
719 897 886 939 caelum
920 897 1090 939 animus
1122 898 1293 952 repetit.

103 955 268 999 Cuncta
301 957 513 999 elementa
545 956 642 998 duci
673 959 796 998 tanto
829 970 1055 998 commune
1089 956 1345 1010 sepulerum.

162 1016 311 1066 Quae?
343 1016 509 1058 caelum
543 1019 587 1057 et
617 1015 745 1057 tellus
779 1018 822 1056 et
852 1030 970 1057 mare
1004 1018 1046 1057 et
1079 1030 1153 1057 ora
1184 1016 1336 1057 uirum.

32 1168 107 1199 [229]
578 1153 647 1188 XII
683 1153 985 1190 PROTESILAO

101 1238 251 1280 Fatale
284 1238 548 1293 adscriptum
582 1253 740 1281 nomen
771 1239 878 1280 mihi
910 1238 1167 1294 Protesila03

161 1298 275 1339 Nam
307 1298 471 1352 primus
505 1298 707 1340 Danaum
739 1298 853 1340 bello
887 1297 974 1339 obii
1006 1298 1214 1354 Phrygio,

102 1357 267 1399 Audaci
299 1357 521 1412 ingressus
555 1356 699 1412 Sigeia
729 1357 858 1398 litora
891 1357 1020 1411 saltu,

163 1414 327 1470 Captus
360 1416 538 1470 pellacis
570 1416 798 1457 Lartiadae
830 1412 1011 1457 insidiis.

101 1543 134 1578 X
154 1543 256 1588 Pepl.
278 1547 323 1577 35
364 1540 448 1578 Ἐπὶ
473 1543 670 1578 Σθενέλου
697 1544 761 1578 καὶ
780 1541 985 1592 Ευρυάλου
1005 1542 1188 1588 κειμένων
1217 1541 1257 1580 ἕν
1277 1541 1403 1589 Ἀργει.

311 1587 469 1645 Ἀργεῖος
494 1589 686 1631 Σθένελος
711 1589 933 1635 Καπανήιος
960 1586 1033 1626 ὧδε
1059 1590 1248 1626 τέθαπται

362 1635 488 1685 τύμβῳ
515 1638 578 1672 καὶ
605 1635 739 1673 τούτου
767 1640 921 1682 πλησίον
950 1634 1154 1682 Εὐρύαλος.

101 1696 151 1731 XI
176 1696 279 1742 Pepl.
307 1700 350 1731 32
640 1695 725 1732 Ἐπὶ
759 1696 932 1737 Γουνέως

268 1745 400 1800 Σῆμα
404 1743 446 1779 τὸ
475 1758 543 1801 μεν
571 1745 740 1789 Γουνῆος
766 1741 873 1789 ὁρᾶς·
900 1741 1000 1788 ψυχὴ
1031 1742 1071 1778 δὲ
1097 1742 1286 1785 θανόντος

316 1787 400 1834 (κέρμ’
430 1789 508 1831 ἐς
491 1790 608 1836 υγρόν
636 1791 714 1838 ἔβη,
742 1793 846 1837 σῶμα
873 1791 914 1826 δὲ
940 1789 1078 1831 πόντος
1105 1791 1190 1836 ἔχει.

102 1850 171 1884 XII
196 1850 280 1885 vid
307 1850 410 1895 Pepl
439 1854 483 1886 49

198 1961 218 1991 3
245 1957 376 1992 orestis
408 1956 443 1990 V
463 1967 551 1992 corr.
580 1957 753 2002 Luydun.

197 2050 230 2085 X
255 2023 430 2086 EilJvmaLo
461 2050 496 2085 V
588 2055 608 2085 3
636 2050 774 2086 eurialo
802 2052 838 2085 et
864 2051 1058 2086 stheneulo
1090 2050 1124 2084 V

196 2109 247 2144 XI
274 2122 385 2144 omno
417 2109 451 2144 V
472 2121 563 2147 corr,
592 2110 782 2145 Pulmcmn
904 2114 920 2143 1
951 2109 1062 2145 Cinea
1094 2110 1124 2144 V
1148 2121 1239 2146 corr.
1266 2110 1453 2146 Pedmann

106 2158 109 2204 Ι
138 2157 225 2193 abet
255 2156 299 2191 V¹
324 2160 328 2200 l
349 2158 436 2191 mim
468 2157 502 2191 V

196 2216 265 2251 XII
317 2220 334 2250 1
361 2216 449 2251 nthn
480 2216 515 2250 V
651 2220 670 2250 ‘3
696 2215 843 2260 phrigio
876 2215 909 2250 V
1044 2220 1065 2250 4
1092 2216 1272 2252 laertiade
1304 2216 1339 2251 V
1359 2227 1448 2252 corr.

103 2264 300 2299 LMuelzer
