1563 2511
623 43 912 84 „57—

275 147 339 189 Tu
371 161 491 188 meae
524 161 691 202 semper
723 147 862 188 socius
895 147 1111 200 iuuentae,

274 205 478 247 Pluribus
515 205 710 260 quamuis
743 206 983 247 cumulatus
1017 207 1159 260 annis,

275 264 402 307 Nunc
434 278 601 319 quoque
634 264 678 305 in
709 264 872 306 nostris
904 265 1065 306 recales
1098 265 1307 319 medullis,
1400 275 1442 306 15

497 322 661 364 Blande
693 322 866 364 Leonti!

275 399 335 441 Et
366 399 488 440 iuuat
518 399 634 440 tristi
667 399 882 440 celebrare
915 412 1014 439 cura

273 457 481 499 Flebilem
515 460 688 499 cantum
722 457 923 499 memoris
958 457 1189 512 querellae:

273 517 430 558 Munus
461 516 680 571 ingratum
712 517 793 557 tibi
825 516 1098 570 debitumque

499 574 699 617 Carmine
729 577 891 616 nostro.
1399 586 1443 617 20

34 700 106 733 [198]
175 685 272 721 VIII.
315 683 648 720 GRAMMATICIS
676 684 881 719 GRAECIS
908 683 1375 720 BVRDIGALENSIBVS.

276 757 509 799 Romulum
540 759 641 810 post
671 757 750 798 hos
783 757 901 811 prius
935 771 989 798 an
1022 755 1240 810 Corinthi,

277 816 403 857 Anne
436 814 638 870 Sperchei
669 816 913 870 pariterque
945 816 1036 856 nati

278 875 445 916 Atticas
477 889 622 916 musas
654 889 887 916 memorem
918 873 1158 915 Menesbhei

503 933 891 975 Grammaticorum
900 933 922 974 5>

280 1009 483 1051 Sedulum
516 1010 678 1051 cunctis
712 1009 900 1050 studium
931 1009 1128 1063 docendi,
1424 1020 1444 1050 5

280 1067 461 1109 Fructus
495 1068 616 1109 exilis
648 1068 873 1122 tenuisque
907 1082 1064 1109 sermo:

282 1126 367 1181 Ser,
399 1127 498 1181 quia
529 1129 680 1168 nostro
713 1127 891 1168 docuere
922 1126 967 1167 in
999 1141 1124 1181 aeuo,

504 1178 888 1227 Commemorandi.

279 1261 448 1303 Tertius
480 1261 635 1302 horum
667 1261 774 1302 mihi
805 1275 891 1303 non
923 1261 1146 1316 magister,

279 1319 420 1362 Ceteri
450 1319 600 1374 primis
634 1320 813 1361 docuere
844 1320 888 1361 in
921 1321 1063 1374 annis,
1403 1332 1444 1362 10

279 1378 345 1420 Ne
376 1378 513 1420 forem
546 1393 700 1420 uocum
731 1379 848 1420 rudis
881 1386 954 1420 aut
985 1379 1189 1433 loquendi

504 1436 571 1479 Sic
604 1437 693 1479 sine
727 1438 859 1479 cultu:

280 1513 462 1555 Obstitit
491 1516 666 1555 nostrae
700 1514 817 1568 quia,
851 1513 994 1566 credo,
1026 1513 1182 1555 mentis

280 1572 460 1614 Tardior
492 1587 642 1613 sensus
674 1587 811 1627 neque
843 1572 1079 1626 disciplinis

280 1631 461 1685 Adpulit
495 1630 671 1672 Graecis
703 1632 876 1685 puerilis
911 1631 1006 1672 aeui
1407 1642 1449 1674 15

504 1689 670 1731 Noxius
704 1704 835 1732 error.

280 1765 370 1807 Vos
403 1766 511 1807 leuis
545 1780 717 1820 caespes
749 1769 870 1822 tegat
901 1768 944 1807 et
975 1766 1159 1820 sepulcri

282 1824 414 1866 Tecta
449 1824 681 1866 defendant
713 1825 876 1867 cineres
910 1828 1084 1878 opertos

281 1883 345 1925 Ac
376 1898 495 1925 meae
527 1883 647 1925 uocis
678 1884 833 1927 titulus
867 1898 1113 1938 supremum

505 1941 673 1983 Reddat
701 1942 921 1985 honorem.
1407 1953 1451 1984 20

202 2025 244 2056 13
271 2032 374 2056 maee
408 2021 465 2065 Vl
488 2022 639 2057 iubente
672 2022 706 2056 V
803 2028 846 2058 14
873 2023 1069 2058 cumulatis
1104 2023 1137 2056 V
1160 2033 1250 2058 corr.
1277 2023 1451 2069 Luydun.

155 2072 198 2103 16
224 2072 255 2104 et
283 2072 324 2103 17
351 2079 425 2104 uoto
450 2071 492 2103 in
516 2080 624 2104 uersu
655 2069 689 2103 V
795 2074 836 2105 17
864 2071 969 2106 iubah
1002 2070 1036 2104 V
1143 2074 1185 2104 18
1211 2070 1373 2105 fleuilem
1407 2070 1452 2104 V¹

156 2119 198 2149 19
226 2116 392 2150 deuitum
422 2115 469 2150 V¹
491 2118 496 2159 Ι
519 2127 613 2160 quae
647 2116 681 2150 V

199 2162 286 2197 VIII
305 2175 513 2197 GRAMATICIS
534 2175 657 2198 (mucis
676 2176 1001 2199 anmGALANsmvs
1018 2164 1051 2198 V
1066 2165 1068 2210 y
1082 2165 1200 2198 metro
1222 2163 1348 2198 saffico
1362 2164 1408 2198 al.
1422 2162 1457 2196 V

108 2213 126 2243 6
149 2208 267 2243 exillis
289 2209 337 2242 Vl
407 2214 448 2244 12
474 2210 527 2244 sic
549 2211 681 2255 Peiper
701 2214 756 2244 set
777 2211 811 2244 V
877 2215 919 2245 14
933 2222 1076 2256 nequae
1096 2211 1129 2245 V
1194 2214 1235 2244 15
1256 2210 1402 2254 appulit
1423 2209 1457 2242 V

111 2256 113 2300 Ι
142 2255 316 2300 puaerilis
350 2256 396 2291 V¹
495 2261 537 2291 17
566 2257 752 2302 sepulchri
786 2258 819 2291 V
915 2263 955 2292 19
986 2261 1025 2293 at
1054 2259 1133 2293 Tozl
1155 2260 1159 2301 1
1183 2267 1393 2301 supremum
1425 2256 1459 2290 V
