1563 2511
749 521 826 563 III.

502 629 1075 687 <DOMESTICA.>

41 785 55 809 1
77 784 139 817 [320
157 783 260 814 Edyu.
274 783 325 813 111]
603 767 665 802 DE
693 766 973 802 HEREDIOLO

230 841 338 883 Cum
383 841 433 882 de
477 840 641 895 palatio
691 842 792 894 post
835 840 994 881 multos
1039 853 1172 880 annos
1217 837 1460 880 honoratis-

114 902 264 954 simus,
298 901 456 955 quippe
489 900 576 940 iam
609 899 777 953 consul,
810 898 990 939 redisset
1023 898 1075 938 ad
1108 897 1306 952 patriam,
1338 897 1462 938 uillu-

112 961 217 1013 lam,
250 975 378 1014 quam
410 961 533 1013 pater
564 958 811 1012 reliquerat,
843 958 1134 1012 introgressus
1166 956 1233 997 his
1265 956 1462 997 uersibus

112 1020 216 1060 lusit
248 1019 469 1060 Luciliano
503 1017 621 1059 stilo:

115 1112 259 1167 Salue,
290 1112 576 1165 herediolum,
608 1112 819 1152 maiorum
852 1124 984 1166 regna
1017 1124 1226 1162 meorum,

174 1171 296 1221 Quod
328 1186 532 1226 proauus,
566 1170 679 1224 quod
712 1184 835 1220 auus,
868 1169 980 1224 quod
1012 1172 1134 1223 pater
1168 1168 1368 1221 excoluit,

116 1231 238 1281 Quod
270 1231 376 1271 mihi
408 1231 495 1271 iam
529 1230 673 1271 senior
705 1232 937 1283 properata
968 1231 1106 1269 morte
1138 1227 1327 1281 reliquit:

175 1290 297 1331 Eheu
329 1290 550 1331 nolueram
583 1291 671 1329 tam
705 1288 788 1328 cito
821 1301 945 1341 posse
977 1287 1078 1328 frui!

115 1349 235 1393 Iusta
268 1349 438 1403 quidem
473 1348 602 1389 series
635 1347 746 1401 patri
780 1346 1021 1399 succedere,
1053 1360 1201 1386 uerum
1444 1355 1464 1385 5

174 1408 282 1449 Esse
317 1408 442 1448 simul
475 1407 668 1448 dominos
703 1405 867 1459 gratior
900 1405 1003 1446 ordo
1037 1405 1132 1459 piis.

116 1466 241 1508 Nunc
271 1467 395 1508 labor
427 1470 469 1507 et
501 1480 624 1507 curae
657 1479 751 1506 mea
784 1467 903 1519 sun‘n3
937 1465 1028 1505 sola
1061 1465 1158 1504 ante
1192 1463 1392 1517 uoluptas

175 1526 376 1566 Partibus
409 1525 454 1565 in
486 1524 666 1576 nostris,
703 1527 845 1564 cetera
878 1523 1012 1577 patris
1046 1525 1178 1564 erant.

116 1584 303 1626 Paruum
334 1584 618 1636 herediolum,
650 1583 804 1635 fateor,
839 1585 904 1623 set
935 1582 1054 1623 nulla
1084 1581 1169 1622 fuit
1199 1595 1268 1622 res

177 1648 315 1685 Parua
341 1658 546 1697 umquam
573 1641 851 1696 aequanimis,
878 1641 983 1682 addc
1010 1641 1140 1681 chiam
1169 1639 1394 1680 unanimis.
1424 1650 1465 1681 10

118 1703 183 1744 Ex
217 1702 359 1744 animo
387 1716 476 1743 rem
504 1704 618 1742 stare
646 1715 827 1755 aequum
855 1703 971 1754 puto,
997 1714 1085 1741 non
1112 1699 1302 1740 animum
1330 1713 1381 1739 ex
1408 1712 1466 1740 re.

178 1761 343 1803 Cuncta
378 1762 495 1815 cupib
526 1759 726 1813 Croesus,
760 1759 976 1814 Diogenes
1009 1759 1211 1800 nihilum:

56 1881 94 1914 V
214 1879 228 1912 I
254 1890 368 1911 INCIPT
392 1890 438 1911 DE
465 1888 638 1911 Esssmom
662 1887 855 1910 PRAEFATIO
877 1889 913 1910 m
932 1887 1043 1909 PROSA
1068 1874 1124 1918 Vl
1147 1886 1235 1918 qum
1263 1874 1319 1918 Vl
1342 1873 1468 1919 paber]

118 1936 210 1970 puer
230 1925 407 1960 Heinsius
430 1927 434 1967 Ι
456 1923 604 1958 luciano
633 1923 666 1956 V
688 1934 779 1957 corr.
795 1923 957 1967 Scalz'yer
979 1926 1012 1966 1,
1035 1925 1086 1957 20
1111 1922 1322 1964 (LMuezler
1347 1921 1466 1956 Lucil.

115 1984 154 2016 p.
176 1976 264 2014 293,
291 1975 364 2006 test.
386 1974 434 2006 40
458 1972 502 2014 cf.
524 1982 558 2005 u.
581 1971 601 2004 I.
624 1971 672 2004 ad
692 1974 766 2005 test.
788 1973 838 2005 24
855 1982 891 2014 p.
912 1973 1006 2012 283)
1032 1969 1239 2004 Lucaniaco
1265 1968 1358 2003 uilla.
1378 1969 1466 2002 Aaet.

119 2019 161 2052 In
193 2018 411 2064 cyanostylo
442 2019 647 2062 similiaque
678 2018 868 2061 temptauit
899 2017 1126 2052 Dezez’ttwrz's.
1227 2021 1243 2050 1
1279 2015 1388 2050 Salbe
1421 2014 1468 2048 V¹

123 2066 126 2112 Ι
156 2066 363 2101 erediorum
396 2066 442 2099 1⁷¹
533 2069 553 2099 ⁶2
582 2065 742 2109 proabus
777 2064 810 2098 1⁷
912 2069 932 2099 3
959 2063 1121 2108 reliquid
1146 2063 1179 2097 V
1201 2074 1291 2098 corr.
1319 2063 1467 2097 Sanna-

119 2115 295 2149 zariamcs
369 2118 390 2147 4
415 2113 509 2147 heeu
530 2112 564 2145 V
634 2116 653 2144 5
675 2113 803 2147 berum
825 2111 875 2144 V¹
951 2116 968 2146 7
994 2112 1099 2146 lauor
1121 2111 1168 2145 V¹
1191 2112 1194 2154 Ι
1218 2120 1306 2145 cura
1326 2109 1359 2143 V
1377 2121 1467 2145 corr.

120 2173 291 2217 Lugydun.
317 2173 321 2216 Ι
353 2162 413 2207 alte
445 2172 479 2205 V
573 2176 592 2206 9
619 2173 774 2216 pai-bum
801 2171 1004 2206 erediolum
1031 2170 1065 2203 V
1160 2173 1200 2204 11
1229 2181 1286 2204 res
1312 2171 1393 2203 tare
1422 2167 1468 2202 V¹

123 2221 195 2276 (res
222 2233 267 2266 al.
295 2234 401 2276 corr.)
424 2233 429 2277 ι
453 2242 584 2276 aequm
619 2231 652 2264 V
748 2235 789 2264 12
825 2230 998 2266 chroesus
1032 2229 1066 2262 V
1096 2228 1265 2273 diogenis
1291 2225 1413 2262 nihilfi
1436 2229 1467 2272 (s

121 2281 241 2326 nihilii
267 2291 312 2326 al.
339 2292 379 2326 in
403 2301 488 2335 ras„
515 2292 554 2326 in
580 2302 693 2336 mary.
724 2298 774 2329 'A
804 2291 888 2326 add.
915 2290 1027 2334 antiq.
1054 2300 1098 2323 m.
1125 2287 1159 2321 V
