1563 2511
637 78 951 120 -255—

177 183 258 225 Vel
289 197 414 225 mane
445 186 566 224 tenta
597 183 784 224 roscido:

120 243 248 284 Tales
280 242 472 284 hibernis
506 241 559 283 ad
590 244 633 283 te
666 242 715 282 de
749 242 965 297 saepibus,
1002 242 1120 296 ipsos

179 300 284 356 Capi
315 301 527 355 uolentes,
560 300 755 341 misimus

118 359 193 401 Bis
226 361 368 401 denos.
417 362 483 401 tot
516 359 628 400 enim
661 373 833 413 crepero
867 359 945 400 sub
979 360 1085 401 lucis
1119 374 1220 401 eoae

177 419 386 473 Praeceps
418 419 588 460 uolatus
619 417 778 458 intulit.
1420 431 1462 462 10

118 477 246 530 Tum,
279 492 384 531 quas
416 477 582 519 uicinae
616 476 833 531 suggessit
864 476 1022 530 praeda
1054 476 1250 532 lacunae,

176 536 330 578 Anites
362 536 542 577 maritas
574 536 805 589 iunximus,

117 594 392 649 Remipedes‚
423 595 514 636 lato
546 594 805 649 populantes
837 594 1008 636 caerula
1039 597 1179 636 rostro

175 653 234 695 Et
266 668 387 696 crure
419 654 570 695 rubras
603 652 783 704 Punico,

117 711 300 755 Iricolor
330 713 450 754 uario
483 712 622 767 pinxit
655 727 759 767 quas
791 713 937 766 pluma
974 713 1132 767 colore,
1420 725 1460 755 15

178 769 346 813 Collum
380 772 590 813 columbis
625 772 825 812 aemulas.

118 829 358 872 Defrudata
389 845 509 872 meae
541 845 629 872 non
662 833 761 871 sunt
792 830 897 871 haec
929 829 1092 872 fercula
1124 845 1314 873 mensae:

177 888 389 931 Vescente
420 892 463 931 te
493 888 677 932 fruimur
709 889 860 943 magis.

330 947 437 990 Vale
470 948 595 1000 bene,
627 956 675 989 ut
706 948 887 990 ualeam.

45 1098 170 1125 xva
192 1099 252 1131 [390
266 1100 352 1130 Ep.1]

248 1145 490 1180 AVSONIVS
517 1145 582 1180 AD
608 1145 805 1180 PATREM
830 1145 893 1179 DE
922 1145 1166 1181 SVSCEPTO
1193 1145 1330 1180 FILIO.

117 1228 390 1271 Credideram
422 1230 484 1270 nil
516 1244 643 1284 posse
676 1230 782 1271 meis
816 1230 1054 1272 adfectibus
1089 1230 1204 1281 addi,

177 1287 286 1342 Quo,
318 1289 555 1330 uenerande
587 1291 727 1343 pater,
761 1289 987 1343 diligerere
1021 1289 1172 1344 magis.

116 1347 310 1389 Accessit
341 1346 505 1403 (grates
539 1348 702 1401 superis
735 1347 962 1402 medioque
992 1349 1160 1402 nepoti,

174 1406 288 1448 Bina
319 1407 435 1448 dedit
466 1407 625 1448 nostris
660 1407 729 1461 qui
764 1407 866 1462 iuga
897 1406 1163 1462 nominibus)
1441 1418 1462 1448 4

116 1465 309 1507 Accessit
340 1466 511 1520 titulus,
546 1468 621 1506 tua
653 1480 736 1520 quo
769 1467 1010 1507 reuerentia
1043 1469 1225 1520 crescat,
1440 1477 1460 1508 9

176 1524 268 1573 Quo
301 1525 475 1566 doceam
509 1526 676 1576 natum,
709 1525 809 1578 quid
843 1525 900 1566 sit
933 1540 1076 1566 amare
1109 1527 1286 1578 patrem.
1419 1536 1460 1566 10

115 1582 212 1636 Ipse
245 1598 378 1637 nepos
411 1586 454 1625 te
485 1583 589 1624 fecit
621 1598 760 1625 auum.
811 1584 919 1625 mihi
950 1584 1064 1625 filius
1096 1583 1207 1624 idem
1442 1594 1461 1624 5

174 1641 233 1683 Et
265 1643 347 1683 tibi
380 1657 477 1697 ego:
509 1642 591 1683 hoc
623 1645 724 1683 nato
758 1657 837 1683 nos
871 1657 1015 1684 sumus
1050 1643 1175 1684 ambo
1209 1645 1366 1696 patres.

117 1699 207 1742 Nec
240 1701 327 1742 iam
361 1702 452 1742 sola
484 1700 591 1742 mihi
623 1701 761 1755 pietas
793 1716 888 1743 mea
921 1701 1069 1743 suadet
1102 1716 1307 1743 amorem:

175 1758 360 1801 Nomine
392 1762 434 1801 te
468 1760 627 1815 gemini
659 1759 745 1801 iam
778 1761 986 1815 genitoris
1019 1775 1127 1802 amo.
1441 1770 1461 1801 8

214 1926 254 1957 11
281 1923 436 1969 lacunee
463 1923 539 1966 (alt.
568 1934 587 1969 e
613 1922 660 1957 αῖ.
687 1933 732 1957 m.
758 1926 799 1957 ut
824 1924 916 1968 uid.)
951 1922 984 1957 V
1006 1923 1137 1957 lacune
1173 1922 1219 1956 V¹
1296 1927 1337 1957 12
1365 1924 1461 1969 asne-

117 1971 172 2004 tes
199 1969 231 2003 V
249 1980 340 2005 corr.
356 1970 485 2014 Peiper
507 1973 510 2011 ι
534 1969 703 2004 maritas:
732 1981 753 2005 a
780 1971 841 2005 alt.
862 1971 904 2005 in
922 1982 994 2005 νας.
1016 1970 1051 2005 V
1073 1971 1235 2005 marinas
1256 1970 1433 2005 Heinsius
1456 1972 1458 2014 l

116 2017 323 2051 iuncximus
356 2017 387 2049 V
486 2020 528 2051 15
553 2015 669 2061 pinxit
702 2017 735 2050 V
754 2019 758 2061 Ι
780 2029 893 2061 puma
926 2018 960 2051 V
982 2029 1072 2052 corr.
1100 2018 1233 2052 Cantor
1331 2021 1373 2051 17
1401 2017 1461 2051 de-

116 2063 274 2099 brudata
308 2064 340 2098 V
363 2075 452 2100 corr.
480 2064 642 2109 Scaliyer
667 2066 705 2108 2,
723 2067 770 2099 21
870 2068 911 2099 19
938 2068 1029 2099 sian&
1061 2064 1095 2099 V

212 2122 349 2158 XVIIII
386 2134 526 2167 suscep.
567 2122 601 2157 V
696 2127 713 2157 1
753 2123 946 2158 affectibus
985 2124 1017 2156 V
1112 2127 1132 2158 2
1165 2124 1262 2168 quod
1303 2123 1336 2157 V
1369 2133 1458 2157 corr.
1502 2117 1540 2152 V

117 2169 287 2215 Luydun.
321 2172 326 2214 1
361 2170 575 2215 diligerere:
603 2182 641 2205 re
668 2171 730 2205 alt.
756 2172 798 2205 iu
822 2182 893 2205 ras.
929 2171 963 2204 V
1057 2175 1076 2205 3
1103 2171 1220 2215 gratis
1251 2170 1283 2204 V
1314 2172 1317 2212 Ι
1353 2180 1462 2213 super

117 2216 174 2252 his
208 2217 242 2251 V
275 2228 366 2253 corr.
394 2217 604 2252 Grononius
701 2221 722 2251 4
754 2218 858 2252 bina:
892 2219 914 2252 b
939 2218 979 2252 in
1007 2228 1076 2252 ras.
1104 2219 1150 2253 αἶ.
1185 2217 1219 2251 V
1313 2220 1331 2250 9
1359 2220 1390 2250 et
1420 2220 1461 2250 10

117 2264 186 2345 Ῑῧιο
210 2265 437 2346 έναφιερρεῑὶἒΐ
461 2264 632 2299 Brandes
707 2268 749 2299 10
776 2265 864 2308 quid
887 2265 1075 2300 Pulmamc
1101 2265 1199 2308 quod
1226 2264 1258 2298 V
1329 2267 1349 2296 5
1375 2262 1461 2297 mici

231 2316 248 2345 7
275 2322 363 2345 mici
