1563 2511
665 61 711 67 —
778 38 980 80 434—

72 177 160 204 xxx
183 176 288 209 [Lxm]
682 164 745 199 DE
772 165 953 200 EADEM.

144 249 215 291 Me
247 249 408 290 uitulus
442 263 619 291 cernens
651 249 894 306 immugiet3
926 251 1062 292 irruet
1093 251 1138 292 in
1170 266 1237 293 me

205 308 371 349 Taurus
405 323 570 364 amans;
603 311 751 363 pastor
783 323 878 351 cum
911 323 1041 366 grege
1074 311 1220 352 mittet
1252 324 1396 366 agens.

70 449 177 474 xxm
202 449 335 480 [mxxv]
681 436 743 471 DE
770 436 953 472 EODEM.

143 520 357 575 Daphnen
389 523 431 562 et
462 520 633 562 Nioben
668 520 843 562 saltauit
877 521 1026 562 simius
1058 521 1186 563 idem:

201 579 391 635 Ligneus
424 582 472 620 ut
503 578 703 634 Daphne,
736 593 886 620 saxeus
919 582 967 621 ut
999 579 1151 622 Niobe.

69 719 192 745 xxxn
215 720 304 752 [cun]
380 705 445 740 AD
473 705 658 740 DELIAM
684 705 1049 741 LASCIVIENTEM
1075 706 1246 743 CVLTV.

141 790 284 844 Delia,
316 805 394 831 nos
426 791 650 832 miramur:
684 794 726 832 et
759 793 824 832 est
854 791 1071 846 mirabile,
1104 792 1215 847 quod
1246 794 1338 834 tam

199 848 443 891 Dissimiles
477 850 580 891 estis
612 852 744 904 tuque
779 864 982 904 sororque
1014 853 1102 892 tua.

138 908 258 950 Haec
290 908 441 949 habitu
474 911 612 963 casto,
645 923 739 950 cum
771 923 857 950 non
890 909 963 962 sit,
997 912 1115 951 casta
1147 910 1334 966 uidetur,

199 967 263 1008 Tu
296 970 466 1021 praeter
498 967 660 1009 cultum
693 967 754 1008 nil
786 968 1022 1010 meretricis
1057 969 1204 1010 habes.

140 1025 246 1069 Cum
280 1026 388 1068 casti
420 1041 560 1068 mores
592 1027 674 1067 tibi
707 1027 812 1079 sint,
843 1026 941 1068 huie
974 1027 1114 1069 cultus
1147 1028 1369 1079 honestus,
1467 1039 1487 1071 5

198 1085 258 1126 Te
290 1088 438 1127 tamen
471 1088 513 1127 et
545 1086 683 1127 cultus
717 1085 896 1127 damnat
928 1088 970 1127 et
1003 1089 1123 1128 aetus
1156 1101 1262 1129 eam.

64 1224 204 1250 xxxni
226 1225 285 1257 [cv]
662 1212 727 1246 AD
755 1212 878 1247 GALL
886 1213 965 1248 AM.

136 1296 280 1351 Vado,
312 1297 385 1338 sed
419 1297 509 1339 sine
541 1312 626 1352 me,
660 1298 758 1352 quia
790 1300 832 1339 te
867 1297 975 1339 sine:
1007 1312 1084 1339 nec
1115 1298 1199 1339 nisi
1231 1301 1374 1340 tecum

195 1355 330 1397 Tossus
364 1370 453 1410 ero,
486 1371 585 1410 pars
620 1370 715 1397 eum
748 1356 828 1398 sim
862 1357 1016 1411 altera,
1049 1356 1190 1412 Galla,
1221 1357 1296 1399 tui.

229 1458 330 1494 XXX
361 1459 511 1495 Anthol
538 1459 615 1495 Pal.
644 1460 747 1495 VIIII
775 1463 841 1495 730
869 1461 986 1505 (Plan.
1014 1434 1085 1495 IIII
1112 1463 1229 1506 7,18)

603 1508 818 1563 Δημητρίου
845 1508 1014 1542 Βιθυνοῦ

243 1549 313 1588 Ὴν
340 1550 379 1610 μ’
409 1550 531 1610 ἐσίδῃ
533 1551 692 1612 μόσχος,
718 1552 940 1610 μυκήσεται·
967 1550 1013 1598 ἢν
1041 1553 1082 1590 δέ
1096 1568 1149 1614 γε
1177 1556 1329 1600 ταῦρος,

324 1599 490 1648 βήσεται·
518 1597 564 1646 ἢν
591 1601 632 1637 δὲ
659 1614 816 1647 νομευς,
844 1601 897 1642 εἰς
923 1599 1061 1647 ἀγέλην
1089 1599 1225 1638 ἐλάσει.

226 1659 346 1694 XXXI
378 1660 529 1696 Anthol.
557 1661 634 1696 Pal.
661 1660 711 1694 XI
737 1664 805 1695 255
833 1661 1011 1705 (Plan.11
1038 1664 1093 1705 38,
1121 1663 1156 1706 3)

711 1709 893 1743 Παλλαδᾶ

250 1752 415 1810 Δάφνην
441 1755 506 1789 καὶ
531 1752 680 1812 Νιόβην
707 1752 899 1799 ὠρχήσατο
927 1753 1091 1811 Μέμφις
1109 1752 1127 1789 ὁ
1155 1753 1276 1801 σιμός,

322 1798 370 1841 ὡς
395 1799 539 1844 ξύλινος
567 1801 746 1847 Δάφνην,
773 1800 820 1842 ὡς
845 1802 991 1842 λύθινος
1018 1800 1176 1849 Νιόβην.

225 1859 379 1894 XXXIII
410 1860 455 1895 ef.
482 1862 618 1896 Auson.
648 1872 703 1906 ep
732 1861 904 1896 XXXIIII
932 1862 1004 1906 (13)

226 1910 244 1941 2
272 1907 399 1942 Horat.
422 1907 457 1942 C.
479 1907 511 1942 II
534 1912 587 1952 17,
609 1912 629 1943 ὃ
646 1920 697 1952 sq.
726 1919 762 1953 a,
789 1910 824 1944 te
851 1919 956 1943 meae
982 1908 1011 1944 si
1037 1910 1182 1953 partem
1208 1909 1352 1944 animae
1378 1911 1476 1955 rapit

721 1955 901 1990 matuiior
927 1955 999 1999 uis,
1027 1955 1115 2000 quid
1142 1967 1265 1991 moror
1289 1956 1418 1992 altera.

223 2007 340 2070 XXX
357 2041 376 2071 2
410 2048 523 2082 agens
550 2037 714 2083 Scaliger
752 2049 880 2073 amans
915 2038 987 2072 VA
1028 2049 1142 2073 ouans
1174 2039 1373 2075 Aceursius
1414 2040 1474 2084 (ef.

128 2083 356 2166 AuiaXlXXI
375 2087 454 2167 {goze
479 2132 585 2167 titulo
611 2133 800 2167 cohaerens
824 2133 1004 2177 superiori
1029 2133 1083 2166 Α1
1109 2132 1223 2167 Aliud
1248 2132 1303 2167 A²

222 2177 359 2213 XXXII
383 2179 442 2214 Ad
467 2179 621 2225 deliam]
649 2179 702 2214 De
729 2179 865 2214 deliam
894 2179 927 2213 V
950 2190 1040 2215 corr.
1063 2180 1097 2214 A
1125 2181 1166 2214 In
1192 2180 1233 2215 D.
1258 2180 1411 2217 Schenkl

129 2228 145 2258 1
174 2236 240 2261 uos
267 2226 388 2261 Paris.
487 2231 506 2262 3
533 2227 637 2262 abitu
670 2226 758 2262 VA¹
786 2237 875 2262 corr
897 2226 951 2261 ,Α2

221 2272 409 2308 XXXXIII
447 2278 463 2308 1
492 2273 598 2310 Vado
625 2284 694 2319 ego
721 2274 901 2310 Heinsius
