1563 2511
636 66 954 108 -296—

187 173 402 215 Restituet
433 186 561 213 usura
592 172 705 213 deus.
1428 183 1474 214 80

127 231 240 273 Huic
272 234 500 273 uacantem
535 231 604 272 uel
636 231 877 272 studentem
910 233 952 272 et
984 231 1190 285 dedit-um,

186 290 236 331 In
267 290 349 332 hoc
379 292 660 344 reponentem
693 291 836 331 omnia

127 348 193 391 Ne
226 363 384 403 quaeso
418 363 591 404 segnem
623 363 730 390 neue
762 362 1011 403 peruersum
1043 352 1168 403 putes

185 407 276 450 Nec
310 408 547 449 crimineris
578 408 772 461 impium.

128 466 272 508 Pietas
305 467 455 508 abesse
489 464 733 508 Christiano
766 467 838 520 qui
869 466 1040 520 potest?
1430 475 1474 506 85

186 524 384 580 Namque
417 528 720 580 argumentum
752 527 947 566 mutuum
981 528 1046 566 est

129 583 327 638 Pietatis,
360 599 452 626 esse
486 583 797 637 Christianum,
829 587 872 625 et
901 583 1041 638 impii,

188 642 289 685 Non
320 657 413 685 esse
446 641 617 684 Christo
651 642 882 685 subditum.

128 701 251 743 Hanc
285 716 381 744 cum
412 704 557 743 tenere
590 701 812 755 discimus,
843 715 1020 755 possum
1052 700 1135 742 tibi

187 760 287 803 Non
319 760 537 814 exhibere,
569 760 613 800 id
645 763 711 801 est
740 760 874 814 patri,
1432 769 1477 800 90

130 817 209 860 Cui
242 823 395 861 cuncta
429 821 577 860 sancta
608 819 719 873 iura,
752 833 852 860 cara
882 818 1059 860 nomina

188 877 355 920 Debere
387 892 454 918 me
486 877 624 918 uoluit
656 878 790 919 deus‘?

130 936 228 978 Tibi
261 936 528 991 disciplinas,
561 936 836 990 dignitatem,
867 936 1056 990 litteras,

189 995 399 1050 Linguae,
431 998 579 1050 togae,
611 995 751 1036 famae
784 995 910 1037 decus

130 1053 384 1108 Prouectus,
417 1054 551 1108 altus,
582 1054 810 1095 institutus
843 1054 995 1108 debeo,
1434 1064 1478 1095 95

189 1113 393 1166 Patrone,
425 1116 697 1167 praeceptor,
729 1115 863 1167 pater.

132 1171 214 1213 Sed
247 1187 320 1214 cur
350 1174 540 1214 remotus
573 1171 739 1213 tamdiu
771 1172 943 1225 degam,
976 1171 1120 1226 arguis

188 1230 352 1285 Pioque
384 1233 504 1272 motu
538 1231 767 1272 irasceris?

131 1288 344 1332 Conducit
374 1290 488 1331 istud
520 1292 595 1331 aut
625 1304 800 1331 necesse
833 1292 898 1331 est
929 1291 1003 1331 aut
1033 1289 1194 1344 placet:

190 1348 392 1403 Veniale,
425 1347 631 1403 quidquid
663 1348 836 1402 horum,
868 1349 961 1390 erit.
1414 1359 1481 1391 100

130 1407 309 1462 Ignosce
342 1408 522 1462 amanti,
559 1407 595 1448 si
627 1421 774 1463 geram
809 1407 920 1462 quod
954 1407 1141 1462 expedit3

192 1466 392 1520 Gratare,
426 1467 462 1507 si
494 1466 658 1521 uiuam,
689 1470 738 1507 ut
769 1466 888 1507 libet.

227 1561 271 1592 80
297 1557 463 1593 restituit
495 1558 529 1592 V
623 1562 666 1593 81
694 1559 865 1593 uacatem
896 1558 932 1592 P
1028 1562 1072 1594 83
1099 1569 1210 1604 segne
1237 1558 1300 1594 H?
1333 1560 1339 1604 Ι
1372 1559 1482 1603 neue]

130 1604 215 1649 neq*
241 1605 269 1639 S
290 1606 295 1650 l
326 1607 434 1650 putet
461 1605 497 1639 P
568 1609 612 1640 85
639 1605 784 1653 piaetas
817 1605 863 1640 V1
887 1607 891 1650 Ι
924 1605 1099 1641 cristiano
1125 1606 1153 1640 S
1179 1605 1424 1641 christianum
1449 1606 1485 1640 P

179 1656 224 1687 86
250 1652 436 1697 mutuum]
463 1655 569 1687 tuum
594 1652 631 1687 P
724 1656 767 1688 87
795 1652 915 1697 pietas
942 1653 970 1687 S
991 1653 995 1699 Ι
1029 1652 1246 1688 cristianum
1271 1653 1300 1688 S
1321 1654 1326 1699 l
1355 1653 1479 1698 impii]

131 1700 254 1744 ipsum
280 1699 318 1734 P
410 1703 454 1735 88
480 1699 660 1734 christum
687 1700 724 1734 P
818 1703 861 1734 89
889 1700 1001 1743 hanc]
1028 1700 1089 1734 hic
1115 1700 1174 1745 ΡΙ
1197 1700 1383 1736 discamus
1412 1700 1448 1734 P
1475 1701 1478 1745 Ι

131 1757 264 1792 posum
297 1747 345 1782 Vl
377 1748 381 1790 Ι
415 1747 501 1791 tibi]
527 1749 585 1782 ter
610 1747 647 1782 P
716 1751 761 1782 90
788 1747 931 1782 exiuere
965 1747 1011 1783 Vl
1044 1747 1190 1782 exibere
1217 1748 1254 1783 P
1324 1752 1368 1782 93
1393 1747 1481 1794 tibi]

132 1805 185 1840 tei
211 1806 271 1850 Pl
295 1805 510 1851 disciplinas
536 1808 576 1840 Π
647 1810 692 1841 94
717 1806 741 1841 1.
769 1807 807 1841 et
831 1808 943 1850 togae
970 1807 1008 1841 et
1033 1806 1056 1841 f.
1078 1806 1137 1851 Pl
1159 1806 1280 1842 famei:
1306 1806 1334 1841 S
1356 1806 1360 1851 Ι
1382 1806 1484 1841 fama

134 1852 266 1887 edecus
299 1853 348 1887 V1
446 1856 489 1888 95
517 1852 614 1888 altus
641 1853 710 1888 PS
741 1855 870 1888 auctus
903 1853 981 1889 VH
1007 1856 1010 1897 Ι
1042 1853 1192 1888 institus
1219 1853 1256 1888 P
1348 1857 1393 1888 96
1418 1865 1483 1898 pa-

134 1923 264 1957 tronae
293 1923 339 1958 V¹
363 1924 367 1968 Ι
390 1924 591 1968 praecepto
618 1924 647 1960 S
720 1929 762 1959 97
790 1936 853 1960 cur
879 1924 927 1959 V¹
954 1908 1043 1968 qvin·
1075 1924 1124 1960 V2
1145 1926 1151 1968 1
1174 1935 1277 1959 curre
1302 1925 1425 1959 motus
1446 1926 1486 1958 H

135 1994 346 2029 curemotus
372 1995 409 2030 P
434 1998 438 2037 1
474 1978 569 2037 dgiiil
600 1996 648 2030 αἶ.
674 2006 764 2031 corr.
792 1996 820 2029 S
846 1995 996 2048 degam:
1023 2007 1048 2040 g
1073 1996 1121 2031 al.
1146 1996 1187 2030 in
1211 2006 1284 2031 ras.
1306 2005 1376 2040 pro
1401 1996 1418 2029 t
1442 1998 1484 2030 ut

134 2065 212 2100 uid.
233 2064 268 2100 V
338 2069 382 2100 98
408 2066 561 2100 motaP
631 2069 675 2101 99
703 2051 896 2103 eonducffti
917 2065 1026 2100 stada
1045 2066 1086 2100 ut
1105 2065 1134 2100 s
1155 2068 1159 2109 ι
1181 2065 1299 2111 istud]
1327 2065 1412 2100 stud
1434 2065 1481 2100 V1

136 2115 203 2146 100
216 2112 380 2159 neniale]
394 2112 456 2147 uel
470 2112 571 2147 aliud.
587 2113 623 2147 P
643 2114 647 2153 Ι
672 2112 853 2156 quidquid
871 2112 906 2147 V
929 2112 1104 2156 quicquid
1117 2113 1191 2147 HS
1216 2112 1299 2157 quis
1313 2112 1350 2147 P
1367 2114 1371 2156 Ι
1394 2112 1480 2158 erit]

135 2160 192 2194 est
211 2159 330 2195 VPH
336 2159 363 2194 S
437 2164 502 2194 101
531 2159 672 2194 amanti
686 2160 723 2194 P
745 2170 871 2194 amens
891 2159 967 2194 VH
991 2170 1118 2194 amans
1132 2160 1161 2194 S
1169 2160 1335 2195 Bruxell.
1363 2159 1482 2194 amice

134 2206 336 2242 Aceursius
361 2207 523 2242 clemens
540 2208 773 2243 Zechmeister
823 2210 889 2241 102
918 2206 1035 2241 Grata
1059 2217 1116 2241 res
1133 2207 1169 2240 P
1186 2209 1197 2251 il
1216 2206 1368 2241 Finiunt
1385 2206 1480 2240 Pau-

134 2252 202 2287 lini
223 2253 270 2287 ad
290 2253 507 2290 Ausonium.
534 2254 638 2299 Incif)
650 2254 806 2289 Ausonii
826 2255 873 2288 ad
887 2253 1085 2288 Paulinum
1106 2256 1165 2297 (se.
1178 2253 1351 2288 Proxima
1363 2255 1438 2297 etc.)
1454 2252 1483 2287 S

134 2301 299 2337 Brnoeell.
328 2302 383 2345 (in
407 2313 476 2347 quo
495 2302 642 2337 Paulini
661 2303 752 2344 om.).
791 2300 890 2336 Finit
910 2301 1043 2344 Incipit
1069 2300 1150 2336 laus
1176 2301 1229 2337 sci
1254 2300 1416 2335 iohanni.
1445 2301 1483 2334 H
