1563 2511
604 137 648 142 —
717 125 791 155 CXI
855 138 908 142 —-

199 217 348 252 Praeter
374 227 417 252 ea
449 228 542 262 quae
569 217 645 251 dixi
671 216 745 251 alia
769 217 921 261 praedia
946 216 1120 252 habuisse
1147 216 1351 251 Ausonium
1378 228 1421 251 ex

78 264 309 310 poematibus
333 275 406 299 non
431 265 619 309 probatur.
670 274 756 298 nam
784 265 879 307 quod
907 264 973 308 Ep.
998 264 1084 297 XVI
1112 268 1154 299 15
1181 264 1324 299 Theoni
1349 264 1419 298 ait:

79 312 245 356 „scirpea
271 311 486 346 Dumnitoni
518 311 615 345 tanti
647 311 702 345 est
734 311 918 345 habitatio
951 311 1052 345 uati?
1103 311 1299 346 Pauliacos
1325 310 1422 345 tanti

77 370 151 394 non
181 358 274 392 mihi
300 358 392 393 uilla
415 359 577 393 foret!“:
610 357 723 392 uilem
750 358 911 392 Theonis
938 357 1102 402 agellum
1128 369 1211 392 cum
1236 358 1358 393 uicino
1385 359 1422 392 et

77 405 196 440 multo
228 405 379 440 meliore
411 405 563 450 praedio
599 404 775 440 Pauliaco
809 416 1014 449 conparans
1054 416 1120 439 nec
1155 408 1282 439 tamen
1317 405 1420 439 cuius

77 452 169 487 illud
196 453 246 486 sit
271 452 484 497 significans
510 452 616 487 dicit:
657 463 738 496 „me
765 463 809 487 ne
836 452 1031 486 Pauliacus
1058 452 1224 496 quidem,
1257 452 1287 486 si
1318 464 1421 487 meus

78 502 187 542 esset,
212 500 373 542 teneret,
400 499 595 543 quominus
620 499 659 533 in
684 499 931 534 Lucaniacum
957 500 1181 534 tenderem⁴‘.

198 558 336 593 Verum
361 558 545 594 Ausonius
572 559 613 592 ut
639 558 862 604 Burdigalae
888 558 1016 593 turbas
1044 558 1248 592 declinaret
1274 569 1422 601 corpus-

78 617 148 651 que
174 607 335 649 curaret‚
367 617 439 640 non
472 605 509 640 in
542 605 789 640 Lucaniacum
823 606 941 641 solum
976 606 1040 639 aut
1065 605 1253 639 Noua-rum
1284 616 1422 649 pagum

77 652 273 688 concessit:
300 653 411 687 etiarn
438 653 572 687 balnea
598 655 636 687 et
661 653 850 688 maritima
870 654 907 687 et
932 653 979 687 ad
1000 654 1230 696 Pyrenaeum
1255 654 1421 686 montem

77 710 170 744 quae
196 702 302 735 erant
325 700 481 735 uisebat.
528 712 642 744 eaque
670 700 845 735 Paulinus
871 699 1019 735 notauit
1038 700 1103 743 Ep.
1125 698 1243 733 XXXI
1266 702 1333 733 241
1350 710 1420 742 sq.:

76 747 122 782 ad
153 758 253 782 mare
293 746 384 781 sitos
422 747 545 791 piceos
578 747 729 790 Boios,
768 747 805 781 in
844 747 1086 792 Bigerritanis
1124 745 1421 781 Maroialicas

75 794 277 829 thermas
310 793 400 839 (uid.
435 793 578 838 Index);
612 797 805 839 praeterea
836 794 985 829 colebat
1014 794 1159 837 urbem,
1192 793 1288 827 unde
1316 794 1422 837 pater

76 843 156 876 erat
181 841 374 885 oriundus,
402 841 660 877 Cossionem
686 841 902 876 Vasatum
930 841 1086 885 (Paulin.
1114 854 1150 874 u,
1178 844 1272 884 248),
1299 852 1420 884 neque

74 900 148 924 non
187 888 260 923 suis
298 888 337 923 in
374 888 533 933 praediis
572 889 855 933 qualiacumque
895 891 999 923 erant
1037 888 1174 923 amicos
1213 899 1297 922 eum
1337 897 1420 922 con-

76 936 221 970 uenisse
269 935 470 970 uerisimile
515 936 588 970 est:
633 936 821 971 Theonem
860 935 1078 970 Dumnitoni
1121 946 1236 979 prope
1280 934 1420 976 urbem,

75 983 260 1017 Paulum'
251 995 289 1017 m
304 983 559 1027 Bigfflritanis,
580 983 775 1017 Paulinum
797 986 833 1017 et
849 983 1075 1027 Hebromagi
1095 985 1133 1017 et
1152 981 1236 1016 aliis
1256 981 1295 1016 in
1315 991 1420 1026 prae—

76 1029 156 1073 diis,
185 1041 278 1074 quae
305 1032 342 1065 et
372 1030 491 1064 multa
516 1030 678 1064 habebat
704 1033 740 1064 et
766 1042 914 1075 magna.
958 1031 1185 1064 zztccedebmt
1209 1031 1286 1063 tam
1313 1028 1422 1062 multi

75 1077 284 1121 propinqui,
311 1077 374 1121 qui
401 1088 524 1112 senem
552 1077 790 1121 amplissimis
817 1059 1017 1112 hD-onoiibus
1038 1077 1207 1111 ornatum
1235 1076 1418 1118 colebant,

76 1127 162 1159 ante
201 1135 327 1159 omnes
360 1124 559 1169 Hespe1ius
593 1125 704 1169 filius,
745 1125 807 1168 qui
838 1136 910 1159 non
942 1124 1073 1168 procul
1105 1123 1240 1158 afuisse
1273 1122 1421 1157 uidetur

76 1171 137 1214 (cf.
164 1170 229 1215 Ep.
257 1170 360 1206 XVII
385 1171 466 1205 Par.
497 1173 572 1215 11):
605 1172 701 1206 unde
728 1173 885 1215 apparet
908 1182 982 1205 non
1006 1170 1113 1205 triste
1139 1170 1281 1205 senium
1307 1169 1420 1204 fuisse

75 1218 229 1253 Ausonii
255 1229 321 1253 nec
348 1218 573 1260 solitarium,
600 1220 712 1253 immo
739 1219 866 1254 multis
893 1218 1080 1263 uariisque
1107 1216 1418 1252 delectationibus

77 1267 113 1300 et
138 1265 252 1301 animi
278 1267 315 1300 et
340 1265 505 1309 corporis
530 1267 694 1311 plenum.

193 1330 288 1368 Post
313 1330 476 1368 Maximi
507 1330 713 1368 interitum
738 1331 979 1380 Burdigalae
1013 1330 1182 1378 scriptus
1210 1332 1270 1367 est
1297 1328 1419 1367 Ordo

192 1389 381 1426 urbium
423 1389 660 1427 nobilium
705 1392 751 1434 (u.
781 1398 824 1428 70
857 1392 1041 1427 Maximus
1072 1391 1223 1437 punitus
1260 1396 1325 1426 133
1351 1402 1419 1425 nec

192 1442 290 1523 {nim
328 1442 421 1533 mi)hi
460 1442 620 1478 barbara
651 1444 770 1478 Rheni
809 1455 873 1478 ora
904 1444 1034 1478 domus
1068 1444 1125 1477 est
1158 1445 1224 1476 167
1259 1441 1350 1477 ciuis
1381 1441 1420 1476 in

220 1501 261 1524 ac
289 1501 368 1523 sum
390 1518 397 1524 .

194 1550 511 1593 Theodosius
533 1551 578 1592 in
600 1565 747 1592 omnes
769 1551 966 1592 homines
980 1551 1253 1600 honorificus,
1272 1565 1419 1591 uerum

193 1609 370 1650 effusius
395 1610 437 1650 in
457 1610 612 1665 bonos3
641 1609 851 1664 simplicia
877 1609 1052 1665 ingenia
1073 1624 1205 1664 aeque
1227 1610 1419 1664 diligere,

193 1668 359 1709 erudita
391 1669 556 1723 mirari,
589 1669 662 1710 sed
695 1669 868 1710 innoxia
902 1675 1076 1720 (Epitom.
1104 1680 1159 1719 48,
1188 1674 1234 1716 8).

73 1744 163 1792 post
183 1754 216 1780 a.
238 1744 321 1781 388
343 1743 847 1792 Epistula-Theodosii
869 1743 923 1780 ad
943 1743 1216 1780 Ausonium.
1262 1756 1418 1790 „parens

192 1795 477 1832 iucundissime“
499 1808 581 1831 cum
603 1796 833 1832 Theodosius
853 1795 1018 1841 adpellet
1036 1797 1252 1838 Ausonium,
1280 1795 1418 1839 scripta

193 1845 250 1878 est
275 1844 451 1888 epistula,
485 1844 604 1878 adhuc
631 1843 719 1879 uiua
745 1854 826 1878 cum
854 1844 934 1878 erat
961 1843 1130 1878 Gratiani
1154 1843 1333 1878 memoria
1359 1844 1419 1877 uel

192 1890 454 1935 redintegrata,
475 1892 573 1935 quod
594 1902 666 1935 qua
685 1902 723 1926 re
743 1890 863 1935 magis
883 1891 1007 1935 potuit
1026 1891 1105 1925 fieri
1124 1902 1236 1934 quam
1255 1890 1418 1924 Maximo

192 1938 348 1982 tyranno
370 1939 528 1973 deuicto.
563 1949 679 1982 eaque
699 1938 857 1973 uictoria
878 1938 986 1973 simul
1000 1939 1046 1972 ad
1061 1948 1243 1972 summam
1257 1937 1419 1972 auctori-

191 1985 308 2019 tatem
335 1989 485 2020 euectus
512 1986 593 2020 erat
619 1985 861 2020 Theodosius.
901 1987 934 2029 (7
961 1997 1007 2019 ne
1034 1984 1201 2019 fraudari
1226 1995 1284 2019 me
1305 1984 1418 2029 scrip-

192 2034 314 2066 torum
346 2033 494 2067 tuorum
519 2032 679 2066 lectione
705 2031 880 2077 patiaris,
913 2043 1007 2075 quae
1035 2031 1124 2067 olim
1149 2031 1241 2066 mihi
1267 2031 1419 2076 cognita

194 2080 231 2113 et
256 2079 329 2114 iam
357 2091 422 2123 per
446 2081 592 2124 tempus
620 2079 737 2114 oblita
762 2091 907 2113 rursum
933 2079 1113 2122 desidero⁷
1140 2090 1213 2113 non
1236 2079 1356 2114 solum
1376 2080 1418 2112 ut

194 2138 287 2169 quae
308 2128 392 2161 sunt
410 2128 500 2162 nota
519 2127 740 2170 recolantur,
769 2127 832 2161 sed
853 2127 966 2161 etiam
986 2128 1027 2161 ut
1047 2136 1141 2170 quae
1162 2127 1260 2160 fama
1280 2126 1419 2161 celebri

193 2173 339 2208 adiecta
376 2174 630 2208 memorantur
667 2174 884 2218 accipiamf'*
940 2173 1000 2208 hic
1037 2174 1119 2217 quis
1153 2173 1299 2208 dubitet
1331 2172 1419 2216 quin

194 2220 311 2255 Vrbes
337 2232 425 2265 prae
453 2221 584 2256 ceteris
611 2220 798 2265 significet
823 2220 1093 2265 Theodosius‘?)

78 2279 162 2322 388
194 2279 409 2322 Flauius
442 2281 711 2322 Promotus
745 2281 858 2322 bella
885 2282 1019 2335 gessit
1044 2281 1085 2321 in
1114 2280 1308 2322 Thracia.
1350 2286 1421 2320 fuit

192 2337 223 2372 is
257 2348 379 2373 comes
405 2337 569 2381 Africae,
603 2337 783 2383 magister
808 2338 969 2373 militum
996 2349 1027 2374 a.
1055 2341 1258 2382 386—391,
1292 2336 1419 2371 consul
