1563 2511
607 65 927 107 —483—

144 173 212 204 104
239 168 376 203 Comm.
398 167 506 212 Crup.
535 167 580 201 ad
600 167 730 202 Horat.
751 168 819 212 Ep.
840 168 930 211 116,
960 173 1004 204 57
1028 181 1106 213 sqq.
1135 170 1331 206 Lauerna.
1355 172 1442 205 ‚est

238 216 308 250 dea
338 215 460 249 furum
493 216 530 249 et
556 214 793 249 simulacrum
820 215 898 250 eius
923 197 1024 251 ’fures
1051 217 1178 251 colunt
1203 218 1241 250 et
1266 216 1330 261 qui
1356 228 1439 251 0011-

238 262 322 297 silia
354 272 420 296 sua
452 262 582 296 uolunt
613 260 740 296 tacita.
792 273 876 296 nam
908 273 1035 307 preces
1068 263 1145 298 eius
1178 274 1260 297 cum
1293 263 1440 298 silentio

238 310 465 344 exercentur.
503 308 638 344 Arnob.
660 308 712 341 III
732 312 776 343 26
804 308 911 343 deam
933 310 1137 345 Lauernam
1164 310 1286 344 furum
1307 310 1375 344 IIII
1396 314 1440 344 24

235 355 414 399 numquid
452 354 724 400 publicauimus
757 366 823 389 nos
858 367 937 391 esse
970 357 1178 392 Lauernam
1211 359 1323 401 atque
1358 368 1440 391 cum

234 403 305 438 hoc
330 401 539 446 (Mercurio)
567 401 677 436 simul
702 402 893 436 fraudibus
919 403 1129 447 praesidere
1154 403 1327 439 furtiuis?

92 450 159 484 XV
188 449 271 495 [Vll
299 450 384 493 396]
414 453 430 482 1
458 448 620 483 Martial.
648 449 680 482 X
706 453 832 492 37,11
861 452 985 484 ostrea
1010 450 1171 485 Baianis.

235 497 352 531 Varro
368 495 465 530 Μο11.
482 498 548 530 549
564 495 604 530 B.
625 497 747 530 ostrea
765 496 831 530 illa
844 508 980 541 magna
995 496 1146 532 Baiana
1175 496 1207 532 (I
1220 498 1288 542 Ep.
1302 497 1370 532 XV
1385 501 1440 533 18.

166 547 207 578 13
234 543 374 589 Vergil.
402 543 443 577 A.
471 542 539 577 IIII
566 546 632 578 163
659 543 942 588 Dardaniusque
968 555 1084 596 nepos
1111 544 1278 578 Veneris.

163 594 206 624 41
234 590 329 625 Plin.
356 602 390 624 n.
416 590 451 624 h.
478 589 635 623 XXXIII
660 593 682 623 4
712 590 785 624 11011
817 590 979 636 prodiga
1004 590 1171 636 ingenia,
1201 592 1291 635 quot
1315 590 1440 626 modis

234 637 402 672 auximus
429 636 550 681 pretia
570 648 702 671 rerum.

164 689 207 718 43
236 683 269 720 (I
294 684 385 719 Mos.
409 687 453 718 74
478 684 622 728 detegit
648 682 831 718 admixtos
858 695 931 718 non
951 684 1124 720 concolor
1142 685 1258 720 herba
1277 684 1440 729 lapillos.

235 729 267 766 (I
293 731 362 775 Ep.
389 731 422 765 V
450 734 469 765 5
496 741 590 774 quae
616 730 767 765 decolor
792 731 879 775 alga
904 732 1083 766 recondit.

234 777 362 813 Sidon.
390 789 445 822 ep.
473 777 559 811 VIII
585 781 623 818 9,
656 781 699 812 33
733 777 863 822 algoso
894 789 1010 823 prope
1044 779 1218 814 concolor
1241 779 1438 823 profundo.

163 829 207 859 49
237 823 269 860 (I
295 825 363 869 Ep.
389 824 474 859 XVI
501 829 520 859 3
547 824 737 868 fissipedes
763 825 948 860 iuuencas.

163 876 206 906 50
235 884 314 916 sqq.
343 869 375 907 (I
402 871 447 905 cf.
475 870 543 916 Ep.
571 870 675 905 XIIII
702 875 852 907 74—77.

89 918 175 952 XVI
205 918 253 964 [V
280 918 364 964 394]
400 922 440 952 11
478 918 675 953 Iustiniani
709 918 790 963 Dig.
823 919 856 952 II
888 928 933 952 XI
971 922 1007 953 1:
1054 919 1166 954 Gaius
1203 919 1298 954 libro
1339 920 1355 954 Ι
1393 919 1439 953 ad

233 965 395 1000 edictum
421 965 662 1009 prouinciale.
713 965 853 1000 Vicena
879 965 982 1000 milia
1007 977 1183 1010 passuum
1208 967 1246 1000 in
1273 966 1439 1011 singulos

233 1013 311 1047 dies
350 1012 576 1046 dinumerari
613 1013 764 1056 praetor
801 1013 904 1047 iubet
938 1015 1086 1057 praeter
1119 1025 1202 1049 eum
1235 1013 1333 1048 diem
1366 1024 1438 1057 quo

233 1062 381 1094 cautum
400 1059 632 1104 promittitur
653 1060 691 1093 et
709 1058 747 1093 111
768 1071 876 1103 quem
893 1059 1019 1094 sistere
1033 1060 1072 1095 in
1085 1060 1263 1095 iudicium
1278 1062 1438 1104 oportet.

232 1118 319 1140 nam
361 1116 447 1140 sane
478 1105 564 1140 talis
597 1105 741 1141 itineris
774 1107 1019 1141 dinumeratio
1052 1108 1175 1142 neutri
1205 1107 1439 1152 litigatorum

233 1154 354 1188 otiosa
379 1154 447 1187 est.

164 1203 206 1233 15
235 1198 267 1235 (I
294 1200 360 1244 Ep.
388 1199 492 1234 XIIII
519 1203 538 1234 6
564 1199 805 1234 harundineis
833 1227 840 1233 .
863 1225 871 1234 .
898 1201 1058 1244 pergula
1082 1201 1200 1235 tectis

164 1251 206 1281 19
234 1247 363 1282 Horat.
391 1246 457 1290 Ep.
484 1247 517 1280 II
546 1252 575 1289 1,
603 1250 673 1281 234
698 1247 823 1291 regale
849 1246 1034 1282 nomisma
1059 1247 1262 1292 Philippos.

235 1292 268 1329 (I
288 1294 356 1346 Ep.
376 1293 463 1327 XIII
483 1298 502 1328 5
524 1304 610 1338 ergo
631 1294 868 1339 interceptos,
887 1295 1013 1339 regale
1033 1294 1225 1337 nomisma,
1246 1294 1440 1339 Philippos

233 1350 371 1385 acelpe.

162 1391 207 1421 23
233 1388 381 1423 Terent.
420 1387 566 1422 Phorm.
607 1391 674 1422 921
716 1387 762 1431 (V
799 1392 836 1429 8,
882 1389 941 1433 28)
980 1387 1074 1422 illud
1111 1387 1205 1422 mihi
1242 1390 1438 1433 argentum

233 1445 378 1469 rursum
402 1434 488 1469 iube
514 1434 680 1477 rescribi,
707 1435 895 1469 Phormio.

161 1485 207 1515 24
235 1480 267 1516 (I
293 1481 359 1526 Ep.
386 1480 471 1515 XIII
500 1486 542 1516 10
567 1482 686 1515 libera
711 1492 779 1516 nec
805 1482 911 1516 nobis
938 1483 995 1515 est
1019 1492 1124 1516 mora
1149 1482 1326 1517 desidiae.

162 1532 206 1562 29
236 1528 359 1562 Sidon.
388 1539 445 1571 ep.
472 1528 559 1562 VIII
589 1532 642 1571 12,
670 1531 690 1561 5
718 1528 923 1572 superflexa
949 1529 1048 1563 crate
1075 1528 1309 1572 paradarum.

163 1578 206 1609 35
236 1572 268 1610 (I
294 1574 360 1619 Ep.
387 1574 455 1608 IIII
482 1577 502 1608 5
528 1575 677 1619 rapiant
701 1575 852 1620 inposta
876 1576 1060 1619 petorrita
1085 1575 1218 1611 mulae.

162 1625 205 1656 36
231 1633 308 1665 sqq.
336 1621 494 1666 Eugenii
513 1621 683 1656 Toletani
704 1633 732 1656 0.
755 1621 874 1656 XXIII
897 1622 1020 1656 Sirm.:
1049 1632 1115 1666 pro
1141 1622 1211 1656 tibi
1236 1622 1291 1656 uti
1311 1624 1438 1658 nostro

231 1669 359 1703 ueniat
385 1680 429 1703 ex
455 1668 617 1703 carmine
645 1669 774 1711 fectus,
800 1670 918 1703 instar
938 1668 1057 1703 Lucili
1078 1679 1190 1714 cogor
1209 1670 1436 1714 disrumpere

230 1726 368 1750 uersus.

87 1761 194 1796 XVII
222 1762 288 1808 [VI
314 1762 399 1808 395]
428 1767 443 1797 1
474 1762 613 1806 Vergil.
642 1762 681 1796 E.
708 1762 758 1796 111
785 1765 826 1797 71
854 1773 966 1797 aurea
990 1762 1091 1797 111313
1117 1762 1246 1797 decem
1271 1763 1368 1797 misi.

229 1809 379 1844 Anthol.
412 1810 476 1843 lat.
511 1813 598 1853 218,
640 1814 656 1843 1
690 1809 734 1843 R.
773 1821 884 1844 aurea
922 1808 1023 1844 mala
1054 1809 1163 1853 mihi,
1202 1809 1320 1844 dulcis
1354 1821 1438 1845 mea

234 1857 382 1899 Martia,
408 1856 537 1891 mittis.

183 1907 203 1938 3
232 1902 264 1939 (I
291 1914 349 1948 ep.
381 1907 443 1947 58,
477 1907 497 1938 3
531 1903 667 1938 falsum
700 1914 834 1938 nomen
865 1903 1031 1948 utrique,
1064 1903 1128 1938 sed
1160 1906 1202 1938 ut
1233 1915 1361 1939 uerum
1390 1903 1438 1938 sit

230 1950 388 1994 utrique.

184 2001 204 2032 6
232 1997 312 2032 Sex.
351 1997 557 2052 Empiricus
596 1997 678 2032 adu.
716 1997 894 2032 mathem.
937 2001 980 2031 10
1020 2008 1073 2032 ex.
1123 1997 1198 2031 Καὶ
1236 1995 1331 2053 ζιατὰ
1371 1995 1435 2031 τὸν

232 2041 362 2100 ὅμοιον
406 2042 544 2087 τρόπον
583 2044 705 2098 μένων
742 2043 846 2079 θέων
883 2043 981 2079 νέων
1024 2042 1201 2089 μετοχικὰ
1239 2041 1330 2078 ὄντα
1372 2044 1437 2078 καὶ

231 2088 459 2136 ὀνομαστικὰ
492 2088 748 2147 διαφερούσας
779 2088 962 2147 λαμβάνει
993 2090 1060 2131 τὰς
1094 2092 1229 2131 κλίσεις
1256 2119 1262 2125 .
1292 2090 1435 2126 ..Καὶ

234 2137 381 2177 Θέωνος
407 2137 476 2182 μὲν
502 2135 542 2172 τὸ
571 2134 832 2181 ὀνομαστικόν,
858 2137 1018 2178 θέοντος
1044 2137 1084 2172 δὲ
1113 2135 1248 2182 μετοχή
1276 2135 1389 2174 ἔστιν.

90 2183 211 2219 XVIII
238 2184 305 2230 [III
331 2185 414 2231 392]
443 2189 462 2219 3
491 2184 553 2219 Sil.
580 2184 648 2219 VII
675 2188 742 2219 208
768 2185 934 2219 lucentes
961 2186 1038 2220 sole
1064 2195 1240 2220 racemos.

184 2234 204 2265 8
231 2232 396 2266 quenal.
417 2231 485 2266 IIII
512 2235 556 2266 69
583 2243 757 2267 consume
786 2257 793 2264 .
816 2259 822 2265 .
850 2232 1063 2266 rhombum:
1090 2232 1170 2276 ipse
1196 2231 1279 2276 capi
1304 2231 1435 2266 uoluit.

162 2282 204 2313 13
233 2276 265 2313 ([
291 2278 384 2312 Mos.
417 2282 483 2313 201
510 2279 718 2323 remipedes
745 2306 751 2313 .
775 2304 783 2312 .
806 2308 812 2314 .
839 2278 963 2313 lembi.

232 2324 396 2360 caerula:
422 2325 562 2370 Vergil.
589 2327 632 2360 A.
660 2325 712 2359 III
737 2329 818 2360 208.
844 2325 912 2360 IIII
939 2329 1018 2360 583.
1047 2325 1131 2360 VIII
1159 2329 1238 2360 672.

1080 2383 1150 2418 31*
