<?xml version="1.0" encoding="UTF-8"?>
<!DOCTYPE html PUBLIC "-//W3C//DTD XHTML 1.0 Transitional//EN"
    "http://www.w3.org/TR/xhtml1/DTD/xhtml1-transitional.dtd">
<html xmlns="http://www.w3.org/1999/xhtml" xml:lang="en" lang="en">
 <head>
  <title>
</title>
<meta http-equiv="Content-Type" content="text/html;charset=utf-8" />
  <meta name='ocr-system' content='tesseract 3.04.00' />
  <meta name='ocr-capabilities' content='ocr_page ocr_carea ocr_par ocr_line ocrx_word'/>
</head>
<body>
  <div class='ocr_page' id='page_1' title='image "./opuscula00ausouoft/opuscula00ausouoft_0159.png"; bbox 0 0 1563 2511; ppageno 0'>
   <div class='ocr_carea' id='block_1_1' title="bbox 0 0 24 544">
    <p class='ocr_par' dir='ltr' id='par_1_1' title="bbox 0 0 24 544">
     <span class='ocr_line' id='line_1_1' title="bbox 0 0 24 544; baseline 0 1967"><span class='ocrx_word' id='word_1_1' title='bbox 0 0 24 544; x_wconf 95' lang='lat' dir='ltr'> </span> 
     </span>
    </p>
   </div>
   <div class='ocr_carea' id='block_1_2' title="bbox 648 45 938 87">
    <p class='ocr_par' dir='ltr' id='par_1_2' title="bbox 648 45 938 87">
     <span class='ocr_line' id='line_1_2' title="bbox 648 45 938 87; baseline 0 -13"><span class='ocrx_word' id='word_1_2' title='bbox 648 45 938 87; x_wconf 50' lang='lat'>„25—</span> 
     </span>
    </p>
   </div>
   <div class='ocr_carea' id='block_1_3' title="bbox 119 148 1522 677">
    <p class='ocr_par' dir='ltr' id='par_1_3' title="bbox 120 148 1467 312">
     <span class='ocr_line' id='line_1_3' title="bbox 124 148 1350 206; baseline -0.002 -11"><span class='ocrx_word' id='word_1_3' title='bbox 124 152 320 195; x_wconf 89' lang='lat' dir='ltr'>Solstitia</span> <span class='ocrx_word' id='word_1_4' title='bbox 353 154 395 193; x_wconf 91' lang='lat' dir='ltr'>et</span> <span class='ocrx_word' id='word_1_5' title='bbox 426 150 616 206; x_wconf 89' lang='lat' dir='ltr'>gelidum</span> <span class='ocrx_word' id='word_1_6' title='bbox 647 149 831 192; x_wconf 86' lang='lat' dir='ltr'>Boream</span> <span class='ocrx_word' id='word_1_7' title='bbox 865 148 1187 204; x_wconf 76' lang='lat' dir='ltr'>Septembribus</span> <span class='ocrx_word' id='word_1_8' title='bbox 1220 150 1350 192; x_wconf 84' lang='lat' dir='ltr'>horis.</span> 
     </span>
     <span class='ocr_line' id='line_1_4' title="bbox 122 209 1467 264; baseline -0.001 -11"><span class='ocrx_word' id='word_1_9' title='bbox 122 211 319 253; x_wconf 86' lang='lat' dir='ltr'>Mordeat</span> <span class='ocrx_word' id='word_1_10' title='bbox 354 211 573 252; x_wconf 75' lang='lat' dir='ltr'><strong>autumnis</strong></span> <span class='ocrx_word' id='word_1_11' title='bbox 603 209 742 264; x_wconf 84' lang='lat' dir='ltr'>frigus</span> <span class='ocrx_word' id='word_1_12' title='bbox 775 209 932 250; x_wconf 88' lang='lat' dir='ltr'>subtile</span> <span class='ocrx_word' id='word_1_13' title='bbox 964 209 1129 263; x_wconf 89' lang='lat' dir='ltr'>pruinis</span> <span class='ocrx_word' id='word_1_14' title='bbox 1426 219 1467 251; x_wconf 87' lang='lat'>10</span> 
     </span>
     <span class='ocr_line' id='line_1_5' title="bbox 120 268 1228 312; baseline -0.004 0"><span class='ocrx_word' id='word_1_15' title='bbox 120 270 180 312; x_wconf 88' lang='lat' dir='ltr'>Et</span> <span class='ocrx_word' id='word_1_16' title='bbox 212 272 389 311; x_wconf 89' lang='lat' dir='ltr'>tenuata</span> <span class='ocrx_word' id='word_1_17' title='bbox 420 270 552 311; x_wconf 87' lang='lat' dir='ltr'>moris</span> <span class='ocrx_word' id='word_1_18' title='bbox 586 271 724 310; x_wconf 90' lang='lat' dir='ltr'>cesset</span> <span class='ocrx_word' id='word_1_19' title='bbox 754 268 1041 309; x_wconf 79' lang='lat' dir='ltr'>mediocribus</span> <span class='ocrx_word' id='word_1_20' title='bbox 1076 270 1228 309; x_wconf 83' lang='lat' dir='ltr'>aestas.</span> 
     </span>
    </p>

    <p class='ocr_par' dir='ltr' id='par_1_4' title="bbox 121 326 1521 442">
     <span class='ocr_line' id='line_1_6' title="bbox 123 326 1521 381; baseline -0.003 -11"><span class='ocrx_word' id='word_1_21' title='bbox 123 329 366 371; x_wconf 87' lang='lat' dir='ltr'>Sementem</span> <span class='ocrx_word' id='word_1_22' title='bbox 399 327 540 370; x_wconf 85' lang='lat' dir='ltr'>Notus</span> <span class='ocrx_word' id='word_1_23' title='bbox 573 328 781 381; x_wconf 89' lang='lat' dir='ltr'>umificet,</span> <span class='ocrx_word' id='word_1_24' title='bbox 814 327 870 368; x_wconf 88' lang='lat' dir='ltr'>sit</span> <span class='ocrx_word' id='word_1_25' title='bbox 900 327 1055 368; x_wconf 89' lang='lat' dir='ltr'>bruma</span> <span class='ocrx_word' id='word_1_26' title='bbox 1088 326 1261 380; x_wconf 90' lang='lat' dir='ltr'>niualis,</span> <span class='ocrx_word' id='word_1_27' title='bbox 1489 336 1521 361; x_wconf 84' lang='lat'>15</span> 
     </span>
     <span class='ocr_line' id='line_1_7' title="bbox 121 385 1212 442; baseline -0.003 -13"><span class='ocrx_word' id='word_1_28' title='bbox 121 387 237 429; x_wconf 89' lang='lat' dir='ltr'>Dum</span> <span class='ocrx_word' id='word_1_29' title='bbox 268 390 392 442; x_wconf 84' lang='lat' dir='ltr'>pater</span> <span class='ocrx_word' id='word_1_30' title='bbox 425 387 590 441; x_wconf 86' lang='lat' dir='ltr'>antiqui</span> <span class='ocrx_word' id='word_1_31' title='bbox 622 388 856 427; x_wconf 87' lang='lat' dir='ltr'>renouatur</span> <span class='ocrx_word' id='word_1_32' title='bbox 887 385 1068 427; x_wconf 86' lang='lat' dir='ltr'>Martius</span> <span class='ocrx_word' id='word_1_33' title='bbox 1101 386 1212 426; x_wconf 85' lang='lat' dir='ltr'>anni.</span> 
     </span>
    </p>

    <p class='ocr_par' dir='ltr' id='par_1_5' title="bbox 121 445 1468 560">
     <span class='ocr_line' id='line_1_8' title="bbox 151 445 1468 501; baseline -0.002 -14"><span class='ocrx_word' id='word_1_34' title='bbox 151 448 304 501; x_wconf 83' lang='lat' dir='ltr'>&lt;IANE,</span> <span class='ocrx_word' id='word_1_35' title='bbox 323 457 454 488; x_wconf 83' lang='lat' dir='ltr'>VENI:</span> <span class='ocrx_word' id='word_1_36' title='bbox 479 457 630 488; x_wconf 82' lang='lat' dir='ltr'>NOVVS</span> <span class='ocrx_word' id='word_1_37' title='bbox 645 457 785 499; x_wconf 89' lang='lat' dir='ltr'>ANNE,</span> <span class='ocrx_word' id='word_1_38' title='bbox 798 457 926 486; x_wconf 89' lang='lat' dir='ltr'>VENI:</span> <span class='ocrx_word' id='word_1_39' title='bbox 946 455 1191 486; x_wconf 80' lang='lat' dir='ltr'><strong>RENOVATE</strong></span> <span class='ocrx_word' id='word_1_40' title='bbox 1207 455 1327 495; x_wconf 84' lang='lat' dir='ltr'>VENI,</span> <span class='ocrx_word' id='word_1_41' title='bbox 1345 445 1468 498; x_wconf 77' lang='lat' dir='ltr'>SOL.)</span> 
     </span>
     <span class='ocr_line' id='line_1_9' title="bbox 121 503 1137 560; baseline -0.003 -13"><span class='ocrx_word' id='word_1_42' title='bbox 121 503 265 560; x_wconf 91' lang='lat' dir='ltr'>Spiret</span> <span class='ocrx_word' id='word_1_43' title='bbox 297 506 473 547; x_wconf 87' lang='lat' dir='ltr'>odorato</span> <span class='ocrx_word' id='word_1_44' title='bbox 506 504 657 546; x_wconf 90' lang='lat' dir='ltr'>florum</span> <span class='ocrx_word' id='word_1_45' title='bbox 689 519 803 546; x_wconf 87' lang='lat' dir='ltr'>noua</span> <span class='ocrx_word' id='word_1_46' title='bbox 835 504 977 559; x_wconf 86' lang='lat' dir='ltr'>gratia</span> <span class='ocrx_word' id='word_1_47' title='bbox 1008 503 1137 545; x_wconf 88' lang='lat' dir='ltr'>Maio.</span> 
     </span>
    </p>

    <p class='ocr_par' dir='ltr' id='par_1_6' title="bbox 119 561 1522 677">
     <span class='ocr_line' id='line_1_10' title="bbox 119 561 1467 618; baseline -0.002 -13"><span class='ocrx_word' id='word_1_48' title='bbox 119 563 255 606; x_wconf 86' lang='lat' dir='ltr'>Iulius</span> <span class='ocrx_word' id='word_1_49' title='bbox 292 566 334 605; x_wconf 88' lang='lat' dir='ltr'>et</span> <span class='ocrx_word' id='word_1_50' title='bbox 366 566 531 618; x_wconf 77' lang='lat' dir='ltr'>segetes</span> <span class='ocrx_word' id='word_1_51' title='bbox 565 565 721 618; x_wconf 88' lang='lat' dir='ltr'>coquat</span> <span class='ocrx_word' id='word_1_52' title='bbox 753 566 795 604; x_wconf 92' lang='lat' dir='ltr'>et</span> <span class='ocrx_word' id='word_1_53' title='bbox 827 577 944 604; x_wconf 87' lang='lat' dir='ltr'>mare</span> <span class='ocrx_word' id='word_1_54' title='bbox 976 565 1187 617; x_wconf 89' lang='lat' dir='ltr'>temperet</span> <span class='ocrx_word' id='word_1_55' title='bbox 1217 561 1363 615; x_wconf 86' lang='lat' dir='ltr'>Euris,</span> <span class='ocrx_word' id='word_1_56' title='bbox 1426 572 1467 602; x_wconf 79' lang='lat'>15</span> 
     </span>
     <span class='ocr_line' id='line_1_11' title="bbox 122 621 1522 677; baseline -0.001 -13"><span class='ocrx_word' id='word_1_57' title='bbox 122 621 258 664; x_wconf 88' lang='lat' dir='ltr'>Sirius</span> <span class='ocrx_word' id='word_1_58' title='bbox 292 623 512 665; x_wconf 88' lang='lat' dir='ltr'>ardentem</span> <span class='ocrx_word' id='word_1_59' title='bbox 544 637 629 664; x_wconf 90' lang='lat' dir='ltr'>non</span> <span class='ocrx_word' id='word_1_60' title='bbox 662 624 819 677; x_wconf 85' lang='lat' dir='ltr'>augeat</span> <span class='ocrx_word' id='word_1_61' title='bbox 850 623 948 677; x_wconf 84' lang='lat' dir='ltr'>igne</span> <span class='ocrx_word' id='word_1_62' title='bbox 981 621 1189 674; x_wconf 83' lang='lat' dir='ltr'>Leonem,</span> <span class='ocrx_word' id='word_1_63' title='bbox 1489 630 1522 655; x_wconf 76' lang='lat'>20</span> 
     </span>
    </p>
   </div>
   <div class='ocr_carea' id='block_1_4' title="bbox 63 681 1168 735">
    <p class='ocr_par' dir='ltr' id='par_1_7' title="bbox 63 681 1168 735">
     <span class='ocr_line' id='line_1_12' title="bbox 63 681 1168 735; baseline -0.001 -12"><span class='ocrx_word' id='word_1_64' title='bbox 63 728 65 730; x_wconf 46' lang='grc'>,</span> <span class='ocrx_word' id='word_1_65' title='bbox 120 681 322 723; x_wconf 80' lang='lat' dir='ltr'>Discolor</span> <span class='ocrx_word' id='word_1_66' title='bbox 354 682 553 723; x_wconf 89' lang='lat' dir='ltr'>arboreos</span> <span class='ocrx_word' id='word_1_67' title='bbox 586 682 725 723; x_wconf 88' lang='lat' dir='ltr'>uariet</span> <span class='ocrx_word' id='word_1_68' title='bbox 756 681 948 723; x_wconf 87' lang='lat' dir='ltr'>Pomona</span> <span class='ocrx_word' id='word_1_69' title='bbox 980 695 1168 735; x_wconf 64' lang='lat' dir='ltr'>sapores</span> 
     </span>
    </p>
   </div>
   <div class='ocr_carea' id='block_1_5' title="bbox 120 740 1524 1738">
    <p class='ocr_par' dir='ltr' id='par_1_8' title="bbox 120 740 1524 1384">
     <span class='ocr_line' id='line_1_13' title="bbox 120 740 1221 796; baseline -0.001 -15"><span class='ocrx_word' id='word_1_70' title='bbox 120 740 295 796; x_wconf 88' lang='lat' dir='ltr'>Mitiget</span> <span class='ocrx_word' id='word_1_71' title='bbox 327 742 572 795; x_wconf 90' lang='lat' dir='ltr'>autumnus,</span> <span class='ocrx_word' id='word_1_72' title='bbox 604 740 715 794; x_wconf 89' lang='lat' dir='ltr'>quod</span> <span class='ocrx_word' id='word_1_73' title='bbox 747 741 1030 782; x_wconf 87' lang='lat' dir='ltr'>maturauerit</span> <span class='ocrx_word' id='word_1_74' title='bbox 1062 742 1221 793; x_wconf 85' lang='lat' dir='ltr'>aestas,</span> 
     </span>
     <span class='ocr_line' id='line_1_14' title="bbox 121 799 1181 854; baseline -0.002 -13"><span class='ocrx_word' id='word_1_75' title='bbox 121 799 180 841; x_wconf 86' lang='lat' dir='ltr'>Et</span> <span class='ocrx_word' id='word_1_76' title='bbox 212 800 392 854; x_wconf 88' lang='lat' dir='ltr'>genialis</span> <span class='ocrx_word' id='word_1_77' title='bbox 424 799 563 840; x_wconf 87' lang='lat' dir='ltr'>hiems</span> <span class='ocrx_word' id='word_1_78' title='bbox 597 802 722 854; x_wconf 86' lang='lat' dir='ltr'>parta</span> <span class='ocrx_word' id='word_1_79' title='bbox 755 800 836 840; x_wconf 89' lang='lat' dir='ltr'>sibi</span> <span class='ocrx_word' id='word_1_80' title='bbox 871 799 968 841; x_wconf 87' lang='lat' dir='ltr'>dote</span> <span class='ocrx_word' id='word_1_81' title='bbox 1001 800 1181 840; x_wconf 88' lang='lat' dir='ltr'>fruatur.</span> 
     </span>
     <span class='ocr_line' id='line_1_15' title="bbox 121 857 1470 913; baseline -0.001 -14"><span class='ocrx_word' id='word_1_82' title='bbox 121 857 278 900; x_wconf 81' lang='lat' dir='ltr'>Pacem</span> <span class='ocrx_word' id='word_1_83' title='bbox 310 858 493 899; x_wconf 89' lang='lat' dir='ltr'>mundus</span> <span class='ocrx_word' id='word_1_84' title='bbox 527 861 631 913; x_wconf 86' lang='lat' dir='ltr'>agat</span> <span class='ocrx_word' id='word_1_85' title='bbox 662 873 740 900; x_wconf 85' lang='lat' dir='ltr'>nec</span> <span class='ocrx_word' id='word_1_86' title='bbox 771 858 945 899; x_wconf 88' lang='lat' dir='ltr'>turbida</span> <span class='ocrx_word' id='word_1_87' title='bbox 978 858 1116 899; x_wconf 89' lang='lat' dir='ltr'>sidera</span> <span class='ocrx_word' id='word_1_88' title='bbox 1148 859 1340 912; x_wconf 86' lang='lat' dir='ltr'>regnent.</span> <span class='ocrx_word' id='word_1_89' title='bbox 1426 867 1470 898; x_wconf 81' lang='grc'>20</span> 
     </span>
     <span class='ocr_line' id='line_1_16' title="bbox 153 916 1523 972; baseline -0.001 -14"><span class='ocrx_word' id='word_1_90' title='bbox 153 918 444 972; x_wconf 79' lang='lat' dir='ltr'>&lt;IANE,VEN1:</span> <span class='ocrx_word' id='word_1_91' title='bbox 466 929 616 959; x_wconf 87' lang='lat' dir='ltr'>Novvs</span> <span class='ocrx_word' id='word_1_92' title='bbox 637 928 776 971; x_wconf 84' lang='lat' dir='ltr'>ANNE,</span> <span class='ocrx_word' id='word_1_93' title='bbox 790 929 920 959; x_wconf 81' lang='lat' dir='ltr'>VENI:</span> <span class='ocrx_word' id='word_1_94' title='bbox 942 928 1190 959; x_wconf 77' lang='lat' dir='ltr'>RENOVATE</span> <span class='ocrx_word' id='word_1_95' title='bbox 1206 927 1329 971; x_wconf 87' lang='lat' dir='ltr'>VENI,</span> <span class='ocrx_word' id='word_1_96' title='bbox 1345 916 1470 969; x_wconf 62' lang='lat' dir='ltr'>son&gt;</span> <span class='ocrx_word' id='word_1_97' title='bbox 1491 925 1523 949; x_wconf 71' lang='lat'>25</span> 
     </span>
     <span class='ocr_line' id='line_1_17' title="bbox 121 975 1246 1030; baseline -0.001 -13"><span class='ocrx_word' id='word_1_98' title='bbox 121 975 256 1017; x_wconf 88' lang='lat' dir='ltr'>Nulla</span> <span class='ocrx_word' id='word_1_99' title='bbox 288 979 403 1029; x_wconf 90' lang='lat' dir='ltr'>tuos,</span> <span class='ocrx_word' id='word_1_100' title='bbox 436 976 640 1029; x_wconf 83' lang='lat' dir='ltr'>Gradiue,</span> <span class='ocrx_word' id='word_1_101' title='bbox 675 976 863 1018; x_wconf 88' lang='lat' dir='ltr'>offendat</span> <span class='ocrx_word' id='word_1_102' title='bbox 895 977 1020 1018; x_wconf 87' lang='lat' dir='ltr'>stella</span> <span class='ocrx_word' id='word_1_103' title='bbox 1051 979 1246 1030; x_wconf 84' lang='lat' dir='ltr'>penates,</span> 
     </span>
     <span class='ocr_line' id='line_1_18' title="bbox 123 1033 1393 1090; baseline -0.001 -14"><span class='ocrx_word' id='word_1_104' title='bbox 123 1034 240 1084; x_wconf 80' lang='lat' dir='ltr'>Quae</span> <span class='ocrx_word' id='word_1_105' title='bbox 267 1049 352 1076; x_wconf 88' lang='lat' dir='ltr'>non</span> <span class='ocrx_word' id='word_1_106' title='bbox 380 1049 514 1089; x_wconf 88' lang='lat' dir='ltr'>aequa</span> <span class='ocrx_word' id='word_1_107' title='bbox 539 1036 635 1089; x_wconf 74' lang='lat' dir='ltr'>tibi3</span> <span class='ocrx_word' id='word_1_108' title='bbox 668 1050 755 1077; x_wconf 90' lang='lat' dir='ltr'>non</span> <span class='ocrx_word' id='word_1_109' title='bbox 782 1033 981 1090; x_wconf 81' lang='lat' dir='ltr'>Cynthia,</span> <span class='ocrx_word' id='word_1_110' title='bbox 1006 1050 1093 1076; x_wconf 88' lang='lat' dir='ltr'>non</span> <span class='ocrx_word' id='word_1_111' title='bbox 1122 1035 1232 1075; x_wconf 87' lang='lat' dir='ltr'>celer</span> <span class='ocrx_word' id='word_1_112' title='bbox 1258 1033 1393 1076; x_wconf 90' lang='lat' dir='ltr'>Arcas</span> 
     </span>
     <span class='ocr_line' id='line_1_19' title="bbox 120 1091 1209 1149; baseline 0.001 -15"><span class='ocrx_word' id='word_1_113' title='bbox 120 1091 153 1134; x_wconf 89' lang='lat' dir='ltr'><strong>F</strong></span> <span class='ocrx_word' id='word_1_114' title='bbox 157 1094 350 1134; x_wconf 89' lang='lat' dir='ltr'>initimus</span> <span class='ocrx_word' id='word_1_115' title='bbox 382 1094 528 1148; x_wconf 78' lang='lat' dir='ltr'>terris3</span> <span class='ocrx_word' id='word_1_116' title='bbox 559 1109 647 1135; x_wconf 88' lang='lat' dir='ltr'>non</span> <span class='ocrx_word' id='word_1_117' title='bbox 678 1097 744 1149; x_wconf 89' lang='lat' dir='ltr'>tu,</span> <span class='ocrx_word' id='word_1_118' title='bbox 777 1093 978 1148; x_wconf 75' lang='lat' dir='ltr'>Saturne,</span> <span class='ocrx_word' id='word_1_119' title='bbox 1011 1108 1209 1147; x_wconf 86' lang='lat' dir='ltr'>supremo</span> 
     </span>
     <span class='ocr_line' id='line_1_20' title="bbox 120 1151 1246 1207; baseline 0 -14"><span class='ocrx_word' id='word_1_120' title='bbox 120 1151 283 1194; x_wconf 86' lang='lat' dir='ltr'>Vltime</span> <span class='ocrx_word' id='word_1_121' title='bbox 316 1153 508 1194; x_wconf 90' lang='lat' dir='ltr'>circuitu.</span> <span class='ocrx_word' id='word_1_122' title='bbox 570 1153 719 1207; x_wconf 86' lang='lat' dir='ltr'>procul</span> <span class='ocrx_word' id='word_1_123' title='bbox 754 1167 778 1193; x_wconf 89' lang='lat' dir='ltr'>a</span> <span class='ocrx_word' id='word_1_124' title='bbox 809 1153 1024 1207; x_wconf 82' lang='lat' dir='ltr'>Pyroente</span> <span class='ocrx_word' id='word_1_125' title='bbox 1056 1155 1246 1193; x_wconf 87' lang='lat' dir='ltr'>remotus</span> 
     </span>
     <span class='ocr_line' id='line_1_21' title="bbox 123 1211 1524 1266; baseline -0.001 -14"><span class='ocrx_word' id='word_1_126' title='bbox 123 1211 418 1266; x_wconf 83' lang='lat' dir='ltr'>Tranquillum</span> <span class='ocrx_word' id='word_1_127' title='bbox 450 1212 701 1266; x_wconf 81' lang='lat' dir='ltr'>properabis</span> <span class='ocrx_word' id='word_1_128' title='bbox 734 1212 829 1253; x_wconf 88' lang='lat' dir='ltr'>iter.</span> <span class='ocrx_word' id='word_1_129' title='bbox 891 1226 968 1253; x_wconf 88' lang='lat' dir='ltr'>uos</span> <span class='ocrx_word' id='word_1_130' title='bbox 1002 1212 1240 1253; x_wconf 86' lang='lat' dir='ltr'>comminus</span> <span class='ocrx_word' id='word_1_131' title='bbox 1273 1211 1350 1265; x_wconf 88' lang='lat' dir='ltr'>ite,</span> <span class='ocrx_word' id='word_1_132' title='bbox 1427 1221 1470 1251; x_wconf 84' lang='grc'>25</span> <span class='ocrx_word' id='word_1_133' title='bbox 1492 1220 1524 1245; x_wconf 83' lang='grc'>30</span> 
     </span>
     <span class='ocr_line' id='line_1_22' title="bbox 125 1269 1219 1325; baseline 0 -15"><span class='ocrx_word' id='word_1_134' title='bbox 125 1269 261 1311; x_wconf 78' lang='lat' dir='ltr'>Stella</span> <span class='ocrx_word' id='word_1_135' title='bbox 295 1271 518 1325; x_wconf 81' lang='lat' dir='ltr'>salutigeri</span> <span class='ocrx_word' id='word_1_136' title='bbox 551 1270 668 1312; x_wconf 91' lang='lat' dir='ltr'>Iouis</span> <span class='ocrx_word' id='word_1_137' title='bbox 702 1273 745 1312; x_wconf 88' lang='lat' dir='ltr'>et</span> <span class='ocrx_word' id='word_1_138' title='bbox 778 1269 1004 1325; x_wconf 80' lang='lat' dir='ltr'>Cythereie</span> <span class='ocrx_word' id='word_1_139' title='bbox 1036 1270 1219 1324; x_wconf 88' lang='lat' dir='ltr'>Vesper:</span> 
     </span>
     <span class='ocr_line' id='line_1_23' title="bbox 121 1328 1323 1384; baseline -0.001 -14"><span class='ocrx_word' id='word_1_140' title='bbox 121 1328 222 1370; x_wconf 88' lang='lat' dir='ltr'>Non</span> <span class='ocrx_word' id='word_1_141' title='bbox 255 1344 459 1383; x_wconf 84' lang='lat' dir='ltr'>umquam</span> <span class='ocrx_word' id='word_1_142' title='bbox 493 1329 736 1384; x_wconf 82' lang='lat' dir='ltr'>hospitibus</span> <span class='ocrx_word' id='word_1_143' title='bbox 769 1330 909 1371; x_wconf 85' lang='lat' dir='ltr'>facilis</span> <span class='ocrx_word' id='word_1_144' title='bbox 944 1328 1166 1384; x_wconf 82' lang='lat' dir='ltr'>Cyllenius</span> <span class='ocrx_word' id='word_1_145' title='bbox 1200 1329 1323 1370; x_wconf 87' lang='lat' dir='ltr'>absit.</span> 
     </span>
    </p>

    <p class='ocr_par' dir='ltr' id='par_1_9' title="bbox 122 1398 1524 1738">
     <span class='ocr_line' id='line_1_24' title="bbox 179 1398 1470 1443; baseline 0 -15"><span class='ocrx_word' id='word_1_146' title='bbox 179 1399 302 1443; x_wconf 86' lang='lat' dir='ltr'>IANE,</span> <span class='ocrx_word' id='word_1_147' title='bbox 323 1400 450 1430; x_wconf 88' lang='lat' dir='ltr'>VENI:</span> <span class='ocrx_word' id='word_1_148' title='bbox 475 1400 628 1430; x_wconf 84' lang='lat' dir='ltr'>NOVVS</span> <span class='ocrx_word' id='word_1_149' title='bbox 649 1400 788 1439; x_wconf 84' lang='lat' dir='ltr'>ANNE,</span> <span class='ocrx_word' id='word_1_150' title='bbox 810 1401 936 1430; x_wconf 83' lang='lat' dir='ltr'>VENI:</span> <span class='ocrx_word' id='word_1_151' title='bbox 956 1400 1207 1430; x_wconf 81' lang='lat' dir='ltr'>RENOVATE</span> <span class='ocrx_word' id='word_1_152' title='bbox 1229 1399 1352 1438; x_wconf 77' lang='lat' dir='ltr'>VENI,</span> <span class='ocrx_word' id='word_1_153' title='bbox 1373 1398 1470 1429; x_wconf 84' lang='lat' dir='ltr'>SOL.</span> 
     </span>
     <span class='ocr_line' id='line_1_25' title="bbox 122 1446 1269 1502; baseline 0 -15"><span class='ocrx_word' id='word_1_154' title='bbox 122 1446 333 1488; x_wconf 87' lang='lat' dir='ltr'>Hostibus</span> <span class='ocrx_word' id='word_1_155' title='bbox 367 1447 587 1500; x_wconf 86' lang='lat' dir='ltr'>edomitis,</span> <span class='ocrx_word' id='word_1_156' title='bbox 620 1462 703 1502; x_wconf 88' lang='lat' dir='ltr'>qua</span> <span class='ocrx_word' id='word_1_157' title='bbox 736 1447 919 1489; x_wconf 85' lang='lat' dir='ltr'>Francia</span> <span class='ocrx_word' id='word_1_158' title='bbox 952 1448 1085 1489; x_wconf 84' lang='lat' dir='ltr'>mixta</span> <span class='ocrx_word' id='word_1_159' title='bbox 1118 1447 1269 1489; x_wconf 90' lang='lat' dir='ltr'>Suebis</span> 
     </span>
     <span class='ocr_line' id='line_1_26' title="bbox 123 1503 1524 1560; baseline 0 -14"><span class='ocrx_word' id='word_1_160' title='bbox 123 1503 270 1547; x_wconf 84' lang='lat' dir='ltr'>Certat</span> <span class='ocrx_word' id='word_1_161' title='bbox 304 1506 356 1547; x_wconf 89' lang='lat' dir='ltr'>ad</span> <span class='ocrx_word' id='word_1_162' title='bbox 390 1506 661 1560; x_wconf 88' lang='lat' dir='ltr'>obsequium,</span> <span class='ocrx_word' id='word_1_163' title='bbox 694 1506 827 1547; x_wconf 89' lang='lat' dir='ltr'>Latiis</span> <span class='ocrx_word' id='word_1_164' title='bbox 859 1509 907 1548; x_wconf 90' lang='lat' dir='ltr'>ut</span> <span class='ocrx_word' id='word_1_165' title='bbox 940 1507 1096 1548; x_wconf 85' lang='lat' dir='ltr'>militet</span> <span class='ocrx_word' id='word_1_166' title='bbox 1129 1506 1276 1559; x_wconf 81' lang='lat' dir='ltr'>armis,</span> <span class='ocrx_word' id='word_1_167' title='bbox 1427 1516 1471 1547; x_wconf 91' lang='lat'>30</span> <span class='ocrx_word' id='word_1_168' title='bbox 1491 1514 1524 1539; x_wconf 77' lang='lat'>35</span> 
     </span>
     <span class='ocr_line' id='line_1_27' title="bbox 123 1563 1412 1621; baseline 0 -16"><span class='ocrx_word' id='word_1_169' title='bbox 123 1563 213 1613; x_wconf 81' lang='lat' dir='ltr'>Qua</span> <span class='ocrx_word' id='word_1_170' title='bbox 247 1578 360 1619; x_wconf 86' lang='lat' dir='ltr'>uaga</span> <span class='ocrx_word' id='word_1_171' title='bbox 393 1563 668 1606; x_wconf 86' lang='lat' dir='ltr'>Sauromates</span> <span class='ocrx_word' id='word_1_172' title='bbox 704 1566 786 1606; x_wconf 89' lang='lat' dir='ltr'>sibi</span> <span class='ocrx_word' id='word_1_173' title='bbox 817 1567 1015 1607; x_wconf 79' lang='lat' dir='ltr'>iunxerat</span> <span class='ocrx_word' id='word_1_174' title='bbox 1047 1566 1221 1621; x_wconf 85' lang='lat' dir='ltr'>agmina</span> <span class='ocrx_word' id='word_1_175' title='bbox 1253 1563 1412 1619; x_wconf 86' lang='lat' dir='ltr'>Chuni,</span> 
     </span>
     <span class='ocr_line' id='line_1_28' title="bbox 123 1621 1320 1678; baseline 0 -14"><span class='ocrx_word' id='word_1_176' title='bbox 123 1621 299 1678; x_wconf 83' lang='lat' dir='ltr'>Quaque</span> <span class='ocrx_word' id='word_1_177' title='bbox 333 1623 461 1665; x_wconf 84' lang='lat' dir='ltr'>Getes</span> <span class='ocrx_word' id='word_1_178' title='bbox 497 1625 622 1666; x_wconf 90' lang='lat' dir='ltr'>sociis</span> <span class='ocrx_word' id='word_1_179' title='bbox 654 1623 853 1666; x_wconf 89' lang='lat' dir='ltr'>Histrum</span> <span class='ocrx_word' id='word_1_180' title='bbox 886 1624 1134 1666; x_wconf 82' lang='lat' dir='ltr'>adsultabat</span> <span class='ocrx_word' id='word_1_181' title='bbox 1168 1623 1320 1664; x_wconf 85' lang='lat' dir='ltr'>Alanis</span> 
     </span>
     <span class='ocr_line' id='line_1_29' title="bbox 123 1680 1254 1738; baseline 0 -15"><span class='ocrx_word' id='word_1_182' title='bbox 123 1680 236 1737; x_wconf 86' lang='lat' dir='ltr'>(Hoc</span> <span class='ocrx_word' id='word_1_183' title='bbox 268 1682 374 1723; x_wconf 89' lang='lat' dir='ltr'>mihi</span> <span class='ocrx_word' id='word_1_184' title='bbox 406 1683 684 1738; x_wconf 85' lang='lat' dir='ltr'>praepetibus</span> <span class='ocrx_word' id='word_1_185' title='bbox 715 1684 900 1725; x_wconf 87' lang='lat' dir='ltr'>uictoria</span> <span class='ocrx_word' id='word_1_186' title='bbox 931 1684 1105 1725; x_wconf 87' lang='lat' dir='ltr'>nuntiat</span> <span class='ocrx_word' id='word_1_187' title='bbox 1138 1681 1254 1738; x_wconf 75' lang='lat' dir='ltr'>alis):</span> 
     </span>
    </p>
   </div>
   <div class='ocr_carea' id='block_1_6' title="bbox 120 1766 261 1769">
    <p class='ocr_par' dir='ltr' id='par_1_10' title="bbox 120 1766 261 1769">
     <span class='ocr_line' id='line_1_30' title="bbox 120 1766 261 1769; baseline 0 0"><span class='ocrx_word' id='word_1_188' title='bbox 120 1766 261 1769; x_wconf 95' lang='lat' dir='ltr'> </span> 
     </span>
    </p>
   </div>
   <div class='ocr_carea' id='block_1_7' title="bbox 264 1766 404 1769">
    <p class='ocr_par' dir='ltr' id='par_1_11' title="bbox 264 1766 404 1769">
     <span class='ocr_line' id='line_1_31' title="bbox 264 1766 404 1769; baseline 0 0"><span class='ocrx_word' id='word_1_189' title='bbox 264 1766 404 1769; x_wconf 95' lang='lat' dir='ltr'> </span> 
     </span>
    </p>
   </div>
   <div class='ocr_carea' id='block_1_8' title="bbox 120 1810 1475 2329">
    <p class='ocr_par' dir='ltr' id='par_1_12' title="bbox 120 1810 1475 2329">
     <span class='ocr_line' id='line_1_32' title="bbox 220 1810 1369 1855; baseline 0 -11"><span class='ocrx_word' id='word_1_190' title='bbox 220 1814 261 1844; x_wconf 88' lang='lat'>11</span> <span class='ocrx_word' id='word_1_191' title='bbox 299 1811 493 1846; x_wconf 82' lang='lat' dir='ltr'>attenuata</span> <span class='ocrx_word' id='word_1_192' title='bbox 524 1811 703 1846; x_wconf 76' lang='lat' dir='ltr'>Heinsius</span> <span class='ocrx_word' id='word_1_193' title='bbox 749 1813 752 1854; x_wconf 96' lang='grc' dir='ltr'>Ι</span> <span class='ocrx_word' id='word_1_194' title='bbox 799 1812 910 1846; x_wconf 88' lang='lat' dir='ltr'>moris</span> <span class='ocrx_word' id='word_1_195' title='bbox 948 1811 1144 1855; x_wconf 67' lang='lat' dir='ltr'>lValcefieZd</span> <span class='ocrx_word' id='word_1_196' title='bbox 1181 1810 1301 1845; x_wconf 85' lang='lat' dir='ltr'>modis</span> <span class='ocrx_word' id='word_1_197' title='bbox 1335 1811 1369 1845; x_wconf 91' lang='lat' dir='ltr'><strong><em>V</em></strong></span> 
     </span>
     <span class='ocr_line' id='line_1_33' title="bbox 124 1856 1473 1904; baseline 0.001 -13"><span class='ocrx_word' id='word_1_198' title='bbox 124 1861 166 1892; x_wconf 83' lang='lat'>12</span> <span class='ocrx_word' id='word_1_199' title='bbox 204 1856 369 1892; x_wconf 87' lang='lat' dir='ltr'>umificet</span> <span class='ocrx_word' id='word_1_200' title='bbox 402 1858 448 1892; x_wconf 85' lang='lat' dir='ltr'>V1</span> <span class='ocrx_word' id='word_1_201' title='bbox 483 1860 487 1902; x_wconf 83' lang='grc' dir='ltr'>Ι</span> <span class='ocrx_word' id='word_1_202' title='bbox 521 1859 653 1893; x_wconf 84' lang='lat' dir='ltr'>bruma</span> <span class='ocrx_word' id='word_1_203' title='bbox 684 1860 773 1903; x_wconf 71' lang='lat' dir='ltr'>(ictu</span> <span class='ocrx_word' id='word_1_204' title='bbox 804 1870 912 1904; x_wconf 71' lang='lat' dir='ltr'>super</span> <span class='ocrx_word' id='word_1_205' title='bbox 941 1870 963 1893; x_wconf 89' lang='lat' dir='ltr'>a</span> <span class='ocrx_word' id='word_1_206' title='bbox 989 1860 1103 1903; x_wconf 78' lang='lat' dir='ltr'>eraso&gt;</span> <span class='ocrx_word' id='word_1_207' title='bbox 1136 1858 1170 1893; x_wconf 93' lang='lat' dir='ltr'><strong><em>V</em></strong></span> <span class='ocrx_word' id='word_1_208' title='bbox 1288 1862 1330 1892; x_wconf 87' lang='lat'>13</span> <span class='ocrx_word' id='word_1_209' title='bbox 1368 1868 1473 1892; x_wconf 88' lang='lat' dir='ltr'>reno-</span> 
     </span>
     <span class='ocr_line' id='line_1_34' title="bbox 120 1904 1471 1951; baseline 0 -12"><span class='ocrx_word' id='word_1_210' title='bbox 120 1904 232 1939; x_wconf 89' lang='lat' dir='ltr'>batur</span> <span class='ocrx_word' id='word_1_211' title='bbox 263 1904 297 1939; x_wconf 91' lang='lat' dir='ltr'><strong><em>V</em></strong></span> <span class='ocrx_word' id='word_1_212' title='bbox 391 1909 434 1939; x_wconf 83' lang='lat'>14</span> <span class='ocrx_word' id='word_1_213' title='bbox 459 1907 559 1940; x_wconf 88' lang='lat' dir='ltr'>noba</span> <span class='ocrx_word' id='word_1_214' title='bbox 590 1906 636 1939; x_wconf 86' lang='lat' dir='ltr'>V1</span> <span class='ocrx_word' id='word_1_215' title='bbox 736 1910 778 1941; x_wconf 82' lang='lat'>15</span> <span class='ocrx_word' id='word_1_216' title='bbox 805 1908 970 1951; x_wconf 80' lang='lat' dir='ltr'>quoqnat</span> <span class='ocrx_word' id='word_1_217' title='bbox 997 1906 1031 1940; x_wconf 94' lang='lat' dir='ltr'><strong><em>V</em></strong></span> <span class='ocrx_word' id='word_1_218' title='bbox 1127 1910 1168 1941; x_wconf 92' lang='grc'>16</span> <span class='ocrx_word' id='word_1_219' title='bbox 1194 1906 1281 1950; x_wconf 84' lang='lat' dir='ltr'>igne</span> <span class='ocrx_word' id='word_1_220' title='bbox 1308 1907 1471 1940; x_wconf 86' lang='lat' dir='ltr'>leonem:</span> 
     </span>
     <span class='ocr_line' id='line_1_35' title="bbox 122 1951 1471 1997; baseline 0.001 -11"><span class='ocrx_word' id='word_1_221' title='bbox 122 1951 157 1986; x_wconf 88' lang='lat' dir='ltr'>el</span> <span class='ocrx_word' id='word_1_222' title='bbox 177 1963 237 1996; x_wconf 73' lang='lat' dir='ltr'>pr.</span> <span class='ocrx_word' id='word_1_223' title='bbox 265 1962 353 1987; x_wconf 77' lang='lat' dir='ltr'>corr.</span> <span class='ocrx_word' id='word_1_224' title='bbox 381 1964 424 1987; x_wconf 70' lang='lat' dir='ltr'>eo:</span> <span class='ocrx_word' id='word_1_225' title='bbox 451 1964 488 1988; x_wconf 84' lang='lat' dir='ltr'>es</span> <span class='ocrx_word' id='word_1_226' title='bbox 515 1954 572 1987; x_wconf 80' lang='lat' dir='ltr'>uel</span> <span class='ocrx_word' id='word_1_227' title='bbox 598 1955 636 1987; x_wconf 88' lang='lat' dir='ltr'>et</span> <span class='ocrx_word' id='word_1_228' title='bbox 660 1954 718 1988; x_wconf 78' lang='lat' dir='ltr'>uel</span> <span class='ocrx_word' id='word_1_229' title='bbox 743 1965 810 1988; x_wconf 90' lang='lat' dir='ltr'>em.</span> <span class='ocrx_word' id='word_1_230' title='bbox 838 1965 912 1988; x_wconf 69' lang='lat' dir='ltr'>‘non</span> <span class='ocrx_word' id='word_1_231' title='bbox 934 1954 1086 1997; x_wconf 64' lang='lat' dir='ltr'>prorsus</span> <span class='ocrx_word' id='word_1_232' title='bbox 1112 1954 1215 1995; x_wconf 75' lang='lat' dir='ltr'>erasa</span> <span class='ocrx_word' id='word_1_233' title='bbox 1241 1964 1332 1997; x_wconf 72' lang='lat' dir='ltr'>quae</span> <span class='ocrx_word' id='word_1_234' title='bbox 1349 1956 1471 1997; x_wconf 77' lang='lat' dir='ltr'>poste</span> 
     </span>
     <span class='ocr_line' id='line_1_36' title="bbox 122 1999 1475 2045; baseline 0 -12"><span class='ocrx_word' id='word_1_235' title='bbox 122 2004 200 2034; x_wconf 79' lang='lat' dir='ltr'>erat</span> <span class='ocrx_word' id='word_1_236' title='bbox 225 2000 346 2034; x_wconf 70' lang='lat' dir='ltr'>littera</span> <span class='ocrx_word' id='word_1_237' title='bbox 378 2000 412 2033; x_wconf 95' lang='lat' dir='ltr'><strong><em>V</em></strong></span> <span class='ocrx_word' id='word_1_238' title='bbox 484 2004 525 2034; x_wconf 83' lang='lat'>19</span> <span class='ocrx_word' id='word_1_239' title='bbox 552 1999 697 2045; x_wconf 88' lang='lat' dir='ltr'>hiemps</span> <span class='ocrx_word' id='word_1_240' title='bbox 732 2001 778 2035; x_wconf 84' lang='lat' dir='ltr'>V¹</span> <span class='ocrx_word' id='word_1_241' title='bbox 853 2005 897 2035; x_wconf 91' lang='grc'>20</span> <span class='ocrx_word' id='word_1_242' title='bbox 923 2000 1073 2035; x_wconf 73' lang='lat' dir='ltr'>tux-uida</span> <span class='ocrx_word' id='word_1_243' title='bbox 1097 2000 1132 2034; x_wconf 92' lang='lat' dir='ltr'><strong><em>V</em></strong></span> <span class='ocrx_word' id='word_1_244' title='bbox 1201 2004 1244 2034; x_wconf 88' lang='grc'>22</span> <span class='ocrx_word' id='word_1_245' title='bbox 1273 1999 1416 2034; x_wconf 84' lang='lat' dir='ltr'>chintia</span> <span class='ocrx_word' id='word_1_246' title='bbox 1442 1999 1475 2033; x_wconf 93' lang='lat' dir='ltr'><strong><em>V</em></strong></span> 
     </span>
     <span class='ocr_line' id='line_1_37' title="bbox 170 2045 1369 2093; baseline 0.001 -13"><span class='ocrx_word' id='word_1_247' title='bbox 170 2049 214 2080; x_wconf 83' lang='lat'>23</span> <span class='ocrx_word' id='word_1_248' title='bbox 241 2045 406 2081; x_wconf 86' lang='lat' dir='ltr'>Finitimi</span> <span class='ocrx_word' id='word_1_249' title='bbox 433 2047 642 2083; x_wconf 69' lang='lat' dir='ltr'>Gronouz&#39;us</span> <span class='ocrx_word' id='word_1_250' title='bbox 665 2050 668 2092; x_wconf 92' lang='grc' dir='ltr'>Ι</span> <span class='ocrx_word' id='word_1_251' title='bbox 691 2048 780 2093; x_wconf 89' lang='lat' dir='ltr'>non]</span> <span class='ocrx_word' id='word_1_252' title='bbox 808 2059 854 2082; x_wconf 90' lang='lat' dir='ltr'>no</span> <span class='ocrx_word' id='word_1_253' title='bbox 886 2047 920 2081; x_wconf 92' lang='lat' dir='ltr'><strong><em>V</em></strong></span> <span class='ocrx_word' id='word_1_254' title='bbox 1012 2051 1057 2082; x_wconf 83' lang='grc'>25</span> <span class='ocrx_word' id='word_1_255' title='bbox 1084 2047 1300 2092; x_wconf 84' lang='lat' dir='ltr'>properauis</span> <span class='ocrx_word' id='word_1_256' title='bbox 1335 2047 1369 2081; x_wconf 92' lang='lat' dir='ltr'><strong><em>V</em></strong></span> 
     </span>
     <span class='ocr_line' id='line_1_38' title="bbox 123 2093 1471 2141; baseline 0.001 -15"><span class='ocrx_word' id='word_1_257' title='bbox 123 2096 167 2127; x_wconf 88' lang='grc'>26</span> <span class='ocrx_word' id='word_1_258' title='bbox 195 2093 371 2128; x_wconf 82' lang='lat' dir='ltr'>chitereie</span> <span class='ocrx_word' id='word_1_259' title='bbox 405 2094 439 2128; x_wconf 91' lang='lat' dir='ltr'><strong><em>V</em></strong></span> <span class='ocrx_word' id='word_1_260' title='bbox 533 2099 576 2129; x_wconf 81' lang='grc'>27</span> <span class='ocrx_word' id='word_1_261' title='bbox 603 2094 715 2141; x_wconf 54' lang='grc' dir='ltr'>Νοῃχζί</span> <span class='ocrx_word' id='word_1_262' title='bbox 738 2106 914 2139; x_wconf 84' lang='lat' dir='ltr'>umquam</span> <span class='ocrx_word' id='word_1_263' title='bbox 939 2096 977 2138; x_wconf 88' lang='lat' dir='ltr'>(n</span> <span class='ocrx_word' id='word_1_264' title='bbox 1003 2096 1117 2138; x_wconf 78' lang='lat' dir='ltr'>eraso)</span> <span class='ocrx_word' id='word_1_265' title='bbox 1146 2095 1202 2138; x_wconf 69' lang='lat' dir='ltr'>V!</span> <span class='ocrx_word' id='word_1_266' title='bbox 1226 2095 1325 2130; x_wconf 87' lang='lat' dir='ltr'>adsit</span> <span class='ocrx_word' id='word_1_267' title='bbox 1351 2094 1385 2127; x_wconf 92' lang='lat' dir='ltr'><strong><em>V</em></strong></span> <span class='ocrx_word' id='word_1_268' title='bbox 1408 2094 1471 2128; x_wconf 81' lang='lat' dir='ltr'>ab-</span> 
     </span>
     <span class='ocr_line' id='line_1_39' title="bbox 126 2139 1471 2186; baseline 0.001 -13"><span class='ocrx_word' id='word_1_269' title='bbox 126 2139 175 2174; x_wconf 91' lang='lat' dir='ltr'>sit</span> <span class='ocrx_word' id='word_1_270' title='bbox 201 2141 271 2184; x_wconf 80' lang='lat' dir='ltr'>(uel</span> <span class='ocrx_word' id='word_1_271' title='bbox 296 2141 372 2176; x_wconf 85' lang='lat' dir='ltr'>Neo</span> <span class='ocrx_word' id='word_1_272' title='bbox 397 2153 597 2186; x_wconf 88' lang='lat' dir='ltr'>numquam</span> <span class='ocrx_word' id='word_1_273' title='bbox 621 2171 627 2177; x_wconf 91' lang='lat'><em>.</em></span> <span class='ocrx_word' id='word_1_274' title='bbox 651 2171 657 2177; x_wconf 92' lang='lat'><strong><em>.</em></strong></span> <span class='ocrx_word' id='word_1_275' title='bbox 679 2170 686 2178; x_wconf 93' lang='lat'><strong>.</strong></span> <span class='ocrx_word' id='word_1_276' title='bbox 709 2143 819 2186; x_wconf 84' lang='lat' dir='ltr'>adsit)</span> <span class='ocrx_word' id='word_1_277' title='bbox 846 2142 976 2186; x_wconf 58' lang='lat' dir='ltr'>Peiper</span> <span class='ocrx_word' id='word_1_278' title='bbox 1084 2146 1128 2176; x_wconf 84' lang='grc'>28</span> <span class='ocrx_word' id='word_1_279' title='bbox 1159 2142 1278 2176; x_wconf 85' lang='lat' dir='ltr'>nobus</span> <span class='ocrx_word' id='word_1_280' title='bbox 1313 2142 1345 2175; x_wconf 82' lang='lat' dir='ltr'><strong><em>V</em></strong></span> <span class='ocrx_word' id='word_1_281' title='bbox 1368 2151 1471 2175; x_wconf 86' lang='lat' dir='ltr'>reno-</span> 
     </span>
     <span class='ocr_line' id='line_1_40' title="bbox 123 2187 1467 2233; baseline 0.001 -13"><span class='ocrx_word' id='word_1_282' title='bbox 123 2187 210 2220; x_wconf 78' lang='lat' dir='ltr'>bate</span> <span class='ocrx_word' id='word_1_283' title='bbox 242 2187 276 2221; x_wconf 92' lang='lat' dir='ltr'><strong><em>V</em></strong></span> <span class='ocrx_word' id='word_1_284' title='bbox 368 2192 411 2222; x_wconf 88' lang='lat'>31</span> <span class='ocrx_word' id='word_1_285' title='bbox 439 2189 583 2224; x_wconf 81' lang='lat' dir='ltr'>iuxerat</span> <span class='ocrx_word' id='word_1_286' title='bbox 616 2190 662 2223; x_wconf 86' lang='lat' dir='ltr'>V¹</span> <span class='ocrx_word' id='word_1_287' title='bbox 693 2192 696 2233; x_wconf 73' lang='grc' dir='ltr'>Ι</span> <span class='ocrx_word' id='word_1_288' title='bbox 730 2190 827 2224; x_wconf 76' lang='lat' dir='ltr'>cvnis</span> <span class='ocrx_word' id='word_1_289' title='bbox 861 2190 894 2223; x_wconf 93' lang='lat' dir='ltr'><strong><em>V</em></strong></span> <span class='ocrx_word' id='word_1_290' title='bbox 922 2189 1067 2224; x_wconf 88' lang='lat' dir='ltr'>Chunni</span> <span class='ocrx_word' id='word_1_291' title='bbox 1100 2189 1266 2231; x_wconf 71' lang='lat' dir='ltr'>Vinctus,</span> <span class='ocrx_word' id='word_1_292' title='bbox 1295 2199 1361 2222; x_wconf 85' lang='lat' dir='ltr'>sua</span> <span class='ocrx_word' id='word_1_293' title='bbox 1386 2188 1408 2222; x_wconf 87' lang='lat' dir='ltr'>i.</span> <span class='ocrx_word' id='word_1_294' title='bbox 1437 2199 1467 2223; x_wconf 88' lang='lat' dir='ltr'>a.</span> 
     </span>
     <span class='ocr_line' id='line_1_41' title="bbox 127 2232 1387 2281; baseline 0.002 -14"><span class='ocrx_word' id='word_1_295' title='bbox 127 2232 264 2268; x_wconf 88' lang='lat' dir='ltr'>Chunis</span> <span class='ocrx_word' id='word_1_296' title='bbox 291 2235 442 2271; x_wconf 72' lang='lat' dir='ltr'>Schenkl</span> <span class='ocrx_word' id='word_1_297' title='bbox 469 2236 549 2279; x_wconf 82' lang='lat' dir='ltr'>Qua</span> <span class='ocrx_word' id='word_1_298' title='bbox 574 2248 672 2281; x_wconf 85' lang='lat' dir='ltr'>uaga</span> <span class='ocrx_word' id='word_1_299' title='bbox 698 2236 939 2272; x_wconf 80' lang='lat' dir='ltr'>Sauromatae</span> <span class='ocrx_word' id='word_1_300' title='bbox 967 2248 994 2271; x_wconf 75' lang='lat' dir='ltr'>e.</span> <span class='ocrx_word' id='word_1_301' title='bbox 1020 2237 1044 2271; x_wconf 91' lang='lat' dir='ltr'>i.</span> <span class='ocrx_word' id='word_1_302' title='bbox 1071 2248 1103 2271; x_wconf 89' lang='lat' dir='ltr'>a.</span> <span class='ocrx_word' id='word_1_303' title='bbox 1132 2236 1279 2271; x_wconf 81' lang='lat' dir='ltr'>Chunus</span> <span class='ocrx_word' id='word_1_304' title='bbox 1309 2236 1387 2270; x_wconf 74' lang='lat' dir='ltr'>Tell</span> 
     </span>
     <span class='ocr_line' id='line_1_42' title="bbox 123 2281 1100 2329; baseline 0.004 -15"><span class='ocrx_word' id='word_1_305' title='bbox 123 2284 167 2314; x_wconf 88' lang='grc'>32</span> <span class='ocrx_word' id='word_1_306' title='bbox 195 2281 290 2325; x_wconf 83' lang='lat' dir='ltr'>getis</span> <span class='ocrx_word' id='word_1_307' title='bbox 324 2282 356 2316; x_wconf 91' lang='lat' dir='ltr'><strong><em>V</em></strong></span> <span class='ocrx_word' id='word_1_308' title='bbox 380 2294 468 2318; x_wconf 80' lang='lat' dir='ltr'>corr.</span> <span class='ocrx_word' id='word_1_309' title='bbox 497 2284 660 2329; x_wconf 72' lang='lat' dir='ltr'>Scaliyer</span> <span class='ocrx_word' id='word_1_310' title='bbox 687 2288 720 2327; x_wconf 85' lang='lat'>1,</span> <span class='ocrx_word' id='word_1_311' title='bbox 742 2288 764 2319; x_wconf 85' lang='lat'><em>7</em></span> <span class='ocrx_word' id='word_1_312' title='bbox 861 2288 905 2319; x_wconf 88' lang='lat'>33</span> <span class='ocrx_word' id='word_1_313' title='bbox 932 2284 1019 2319; x_wconf 86' lang='lat' dir='ltr'>mici</span> <span class='ocrx_word' id='word_1_314' title='bbox 1053 2284 1100 2318; x_wconf 82' lang='lat' dir='ltr'>V¹</span> 
     </span>
    </p>
   </div>
  </div>
 </body>
</html>
