<?xml version="1.0" encoding="UTF-8"?>
<!DOCTYPE html PUBLIC "-//W3C//DTD XHTML 1.0 Transitional//EN"
    "http://www.w3.org/TR/xhtml1/DTD/xhtml1-transitional.dtd">
<html xmlns="http://www.w3.org/1999/xhtml" xml:lang="en" lang="en">
 <head>
  <title>
</title>
<meta http-equiv="Content-Type" content="text/html;charset=utf-8" />
  <meta name='ocr-system' content='tesseract 3.04.00' />
  <meta name='ocr-capabilities' content='ocr_page ocr_carea ocr_par ocr_line ocrx_word'/>
</head>
<body>
  <div class='ocr_page' id='page_1' title='image "./opuscula00ausouoft_0506.png"; bbox 0 0 1563 2511; ppageno 0'>
   <div class='ocr_carea' id='block_1_1' title="bbox 654 60 968 101">
    <p class='ocr_par' dir='ltr' id='par_1_1' title="bbox 654 60 968 101">
     <span class='ocr_line' id='line_1_1' title="bbox 654 60 968 101; baseline 0 0"><span class='ocrx_word' id='word_1_1' title='bbox 654 60 968 101; x_wconf 79' lang='lat'><strong>-372-</strong></span> 
     </span>
    </p>
   </div>
   <div class='ocr_carea' id='block_1_2' title="bbox 0 166 1558 1695">
    <p class='ocr_par' dir='ltr' id='par_1_2' title="bbox 0 166 1558 1695">
     <span class='ocr_line' id='line_1_2' title="bbox 134 166 1483 222; baseline 0.001 -14"><span class='ocrx_word' id='word_1_2' title='bbox 134 177 186 208; x_wconf 73' lang='lat' dir='ltr'>sn</span> <span class='ocrx_word' id='word_1_3' title='bbox 220 177 351 219; x_wconf 71' lang='lat' dir='ltr'>mam,</span> <span class='ocrx_word' id='word_1_4' title='bbox 383 177 476 216; x_wconf 79' lang='lat' dir='ltr'>Qvo</span> <span class='ocrx_word' id='word_1_5' title='bbox 509 177 640 206; x_wconf 85' lang='lat' dir='ltr'>NIHIL</span> <span class='ocrx_word' id='word_1_6' title='bbox 673 177 782 208; x_wconf 81' lang='grc' dir='ltr'>ΒΟΝῙ</span> <span class='ocrx_word' id='word_1_7' title='bbox 813 177 1041 219; x_wconf 77' lang='lat' dir='ltr'>FECERAT3</span> <span class='ocrx_word' id='word_1_8' title='bbox 1085 166 1158 207; x_wconf 84' lang='lat' dir='ltr'>sed</span> <span class='ocrx_word' id='word_1_9' title='bbox 1191 166 1356 209; x_wconf 82' lang='lat' dir='ltr'>celebre</span> <span class='ocrx_word' id='word_1_10' title='bbox 1389 168 1483 222; x_wconf 85' lang='lat' dir='ltr'>fuit,</span> 
     </span>
     <span class='ocr_line' id='line_1_3' title="bbox 134 223 1556 281; baseline -0.001 -15"><span class='ocrx_word' id='word_1_11' title='bbox 134 225 235 280; x_wconf 91' lang='lat' dir='ltr'>quia</span> <span class='ocrx_word' id='word_1_12' title='bbox 267 223 527 279; x_wconf 82' lang='lat' dir='ltr'>Vespasiani</span> <span class='ocrx_word' id='word_1_13' title='bbox 560 239 780 266; x_wconf 84' lang='lat' dir='ltr'>successor</span> <span class='ocrx_word' id='word_1_14' title='bbox 812 225 995 279; x_wconf 88' lang='lat' dir='ltr'>dixerat,</span> <span class='ocrx_word' id='word_1_15' title='bbox 1035 225 1154 267; x_wconf 90' lang='lat' dir='ltr'>cuius</span> <span class='ocrx_word' id='word_1_16' title='bbox 1187 226 1320 268; x_wconf 87' lang='lat' dir='ltr'>nimia</span> <span class='ocrx_word' id='word_1_17' title='bbox 1350 227 1484 281; x_wconf 89' lang='lat' dir='ltr'>parsi—</span> <span class='ocrx_word' id='word_1_18' title='bbox 1503 240 1556 265; x_wconf 76' lang='lat'>480</span> 
     </span>
     <span class='ocr_line' id='line_1_4' title="bbox 133 283 1486 327; baseline 0.001 -2"><span class='ocrx_word' id='word_1_19' title='bbox 133 283 277 326; x_wconf 89' lang='lat' dir='ltr'>monia</span> <span class='ocrx_word' id='word_1_20' title='bbox 315 286 358 324; x_wconf 89' lang='lat' dir='ltr'>et</span> <span class='ocrx_word' id='word_1_21' title='bbox 398 283 626 325; x_wconf 88' lang='lat' dir='ltr'>austeritas</span> <span class='ocrx_word' id='word_1_22' title='bbox 671 284 743 325; x_wconf 84' lang='lat' dir='ltr'>uix</span> <span class='ocrx_word' id='word_1_23' title='bbox 788 284 965 326; x_wconf 88' lang='lat' dir='ltr'>ferenda</span> <span class='ocrx_word' id='word_1_24' title='bbox 1009 284 1163 325; x_wconf 89' lang='lat' dir='ltr'>miram</span> <span class='ocrx_word' id='word_1_25' title='bbox 1206 284 1369 327; x_wconf 75' lang='lat' dir='ltr'>fecerat</span> <span class='ocrx_word' id='word_1_26' title='bbox 1404 286 1486 327; x_wconf 91' lang='lat' dir='ltr'>filii</span> 
     </span>
     <span class='ocr_line' id='line_1_5' title="bbox 0 342 1487 398; baseline 0.005 -19"><span class='ocrx_word' id='word_1_27' title='bbox 0 355 114 380; x_wconf 61' lang='lat' dir='ltr'>amn</span> <span class='ocrx_word' id='word_1_28' title='bbox 133 343 369 385; x_wconf 70' lang='lat' dir='ltr'>lenitatem.</span> <span class='ocrx_word' id='word_1_29' title='bbox 419 345 466 383; x_wconf 89' lang='lat' dir='ltr'>tu</span> <span class='ocrx_word' id='word_1_30' title='bbox 489 342 796 385; x_wconf 89' lang='lat' dir='ltr'>Valentiniano</span> <span class='ocrx_word' id='word_1_31' title='bbox 823 344 1013 398; x_wconf 87' lang='lat' dir='ltr'>genitus,</span> <span class='ocrx_word' id='word_1_32' title='bbox 1039 343 1159 384; x_wconf 87' lang='lat' dir='ltr'>cuius</span> <span class='ocrx_word' id='word_1_33' title='bbox 1188 344 1276 385; x_wconf 89' lang='lat' dir='ltr'>alta</span> <span class='ocrx_word' id='word_1_34' title='bbox 1301 344 1487 398; x_wconf 86' lang='lat' dir='ltr'>bonitas,</span> 
     </span>
     <span class='ocr_line' id='line_1_6' title="bbox 131 401 1487 457; baseline 0.002 -15"><span class='ocrx_word' id='word_1_35' title='bbox 131 416 334 457; x_wconf 83' lang='lat' dir='ltr'>praesens</span> <span class='ocrx_word' id='word_1_36' title='bbox 376 401 577 456; x_wconf 87' lang='lat' dir='ltr'>comitas,</span> <span class='ocrx_word' id='word_1_37' title='bbox 615 404 858 456; x_wconf 86' lang='lat' dir='ltr'>temperata</span> <span class='ocrx_word' id='word_1_38' title='bbox 897 402 1106 444; x_wconf 88' lang='lat' dir='ltr'>seueritas</span> <span class='ocrx_word' id='word_1_39' title='bbox 1145 402 1246 453; x_wconf 86' lang='lat' dir='ltr'>fuit,</span> <span class='ocrx_word' id='word_1_40' title='bbox 1287 406 1410 457; x_wconf 86' lang='lat' dir='ltr'>parto</span> <span class='ocrx_word' id='word_1_41' title='bbox 1444 408 1487 445; x_wconf 93' lang='lat' dir='ltr'>et</span> 
     </span>
     <span class='ocr_line' id='line_1_7' title="bbox 133 460 1485 516; baseline 0.001 -14"><span class='ocrx_word' id='word_1_42' title='bbox 133 460 305 503; x_wconf 90' lang='lat' dir='ltr'>condito</span> <span class='ocrx_word' id='word_1_43' title='bbox 347 461 512 515; x_wconf 87' lang='lat' dir='ltr'>optimo</span> <span class='ocrx_word' id='word_1_44' title='bbox 551 461 812 514; x_wconf 88' lang='lat' dir='ltr'>reipublicae</span> <span class='ocrx_word' id='word_1_45' title='bbox 851 463 987 514; x_wconf 88' lang='lat' dir='ltr'>statu,</span> <span class='ocrx_word' id='word_1_46' title='bbox 1028 461 1245 516; x_wconf 78' lang='lat' dir='ltr'>intellegis</span> <span class='ocrx_word' id='word_1_47' title='bbox 1284 476 1411 516; x_wconf 90' lang='lat' dir='ltr'>posse</span> <span class='ocrx_word' id='word_1_48' title='bbox 1443 465 1485 504; x_wconf 86' lang='lat' dir='ltr'>te</span> 
     </span>
     <span class='ocr_line' id='line_1_8' title="bbox 133 519 1556 575; baseline 0.001 -14"><span class='ocrx_word' id='word_1_49' title='bbox 133 534 224 562; x_wconf 88' lang='lat' dir='ltr'>esse</span> <span class='ocrx_word' id='word_1_50' title='bbox 251 520 523 561; x_wconf 87' lang='lat' dir='ltr'>lenissimum</span> <span class='ocrx_word' id='word_1_51' title='bbox 551 519 643 561; x_wconf 88' lang='lat' dir='ltr'>sine</span> <span class='ocrx_word' id='word_1_52' title='bbox 672 519 894 574; x_wconf 87' lang='lat' dir='ltr'>dispendio</span> <span class='ocrx_word' id='word_1_53' title='bbox 923 520 1185 574; x_wconf 86' lang='lat' dir='ltr'>disciplinae.</span> <span class='ocrx_word' id='word_1_54' title='bbox 1222 535 1358 575; x_wconf 90' lang='lat' dir='ltr'>neque</span> <span class='ocrx_word' id='word_1_55' title='bbox 1382 535 1483 563; x_wconf 89' lang='lat' dir='ltr'>uero</span> <span class='ocrx_word' id='word_1_56' title='bbox 1503 533 1556 558; x_wconf 79' lang='lat'>485</span> 
     </span>
     <span class='ocr_line' id='line_1_9' title="bbox 133 578 1486 635; baseline 0.001 -15"><span class='ocrx_word' id='word_1_57' title='bbox 133 594 264 621; x_wconf 90' lang='lat' dir='ltr'>unum</span> <span class='ocrx_word' id='word_1_58' title='bbox 297 578 472 633; x_wconf 87' lang='lat' dir='ltr'>aliquod</span> <span class='ocrx_word' id='word_1_59' title='bbox 504 579 665 620; x_wconf 88' lang='lat' dir='ltr'>bonum</span> <span class='ocrx_word' id='word_1_60' title='bbox 698 593 782 620; x_wconf 90' lang='lat' dir='ltr'>uno</span> <span class='ocrx_word' id='word_1_61' title='bbox 811 579 876 620; x_wconf 90' lang='lat' dir='ltr'>die</span> <span class='ocrx_word' id='word_1_62' title='bbox 909 582 1121 632; x_wconf 86' lang='lat' dir='ltr'>praestas:</span> <span class='ocrx_word' id='word_1_63' title='bbox 1155 579 1228 620; x_wconf 86' lang='lat' dir='ltr'>sed</span> <span class='ocrx_word' id='word_1_64' title='bbox 1261 580 1486 635; x_wconf 86' lang='lat' dir='ltr'>indulgen-</span> 
     </span>
     <span class='ocr_line' id='line_1_10' title="bbox 132 637 1485 693; baseline 0.001 -14"><span class='ocrx_word' id='word_1_65' title='bbox 132 639 216 679; x_wconf 86' lang='lat' dir='ltr'>tias</span> <span class='ocrx_word' id='word_1_66' title='bbox 251 638 492 693; x_wconf 83' lang='lat' dir='ltr'>singulares</span> <span class='ocrx_word' id='word_1_67' title='bbox 533 651 608 690; x_wconf 90' lang='lat' dir='ltr'>per</span> <span class='ocrx_word' id='word_1_68' title='bbox 646 637 819 691; x_wconf 86' lang='lat' dir='ltr'>singula</span> <span class='ocrx_word' id='word_1_69' title='bbox 851 638 1056 679; x_wconf 87' lang='lat' dir='ltr'>horarum</span> <span class='ocrx_word' id='word_1_70' title='bbox 1089 641 1310 680; x_wconf 84' lang='lat' dir='ltr'>momenta</span> <span class='ocrx_word' id='word_1_71' title='bbox 1342 639 1485 680; x_wconf 88' lang='lat' dir='ltr'>multi-</span> 
     </span>
     <span class='ocr_line' id='line_1_11' title="bbox 63 696 1485 751; baseline 0 -12"><span class='ocrx_word' id='word_1_72' title='bbox 63 709 106 739; x_wconf 80' lang='grc'>73</span> <span class='ocrx_word' id='word_1_73' title='bbox 133 697 280 751; x_wconf 87' lang='lat' dir='ltr'>plicas.</span> <span class='ocrx_word' id='word_1_74' title='bbox 341 697 410 737; x_wconf 89' lang='lat' dir='ltr'>uel</span> <span class='ocrx_word' id='word_1_75' title='bbox 442 696 550 737; x_wconf 85' lang='lat' dir='ltr'>illud</span> <span class='ocrx_word' id='word_1_76' title='bbox 582 710 716 737; x_wconf 89' lang='lat' dir='ltr'>unum</span> <span class='ocrx_word' id='word_1_77' title='bbox 749 697 868 737; x_wconf 87' lang='lat' dir='ltr'>cuius</span> <span class='ocrx_word' id='word_1_78' title='bbox 901 697 1018 737; x_wconf 90' lang='lat' dir='ltr'>modi</span> <span class='ocrx_word' id='word_1_79' title='bbox 1052 699 1116 738; x_wconf 90' lang='lat' dir='ltr'>est</span> <span class='ocrx_word' id='word_1_80' title='bbox 1149 697 1199 738; x_wconf 90' lang='lat' dir='ltr'>de</span> <span class='ocrx_word' id='word_1_81' title='bbox 1232 697 1485 739; x_wconf 86' lang='lat' dir='ltr'>condonatis</span> 
     </span>
     <span class='ocr_line' id='line_1_12' title="bbox 133 755 1486 809; baseline 0.001 -12"><span class='ocrx_word' id='word_1_82' title='bbox 133 755 316 797; x_wconf 81' lang='lat' dir='ltr'>residuis</span> <span class='ocrx_word' id='word_1_83' title='bbox 350 755 645 796; x_wconf 73' lang='lat' dir='ltr'>tributorum?</span> <span class='ocrx_word' id='word_1_84' title='bbox 678 755 790 809; x_wconf 91' lang='lat' dir='ltr'>quod</span> <span class='ocrx_word' id='word_1_85' title='bbox 816 757 864 796; x_wconf 88' lang='lat' dir='ltr'>tu</span> <span class='ocrx_word' id='word_1_86' title='bbox 891 770 1020 809; x_wconf 89' lang='lat' dir='ltr'>quam</span> <span class='ocrx_word' id='word_1_87' title='bbox 1047 756 1265 797; x_wconf 87' lang='lat' dir='ltr'>cumulata</span> <span class='ocrx_word' id='word_1_88' title='bbox 1291 756 1486 798; x_wconf 89' lang='lat' dir='ltr'>bonitate</span> 
     </span>
     <span class='ocr_line' id='line_1_13' title="bbox 134 814 1556 868; baseline 0.001 -12"><span class='ocrx_word' id='word_1_89' title='bbox 134 815 290 856; x_wconf 77' lang='lat' dir='ltr'>fecisti!</span> <span class='ocrx_word' id='word_1_90' title='bbox 324 814 419 868; x_wconf 89' lang='lat' dir='ltr'>quis</span> <span class='ocrx_word' id='word_1_91' title='bbox 445 828 652 867; x_wconf 88' lang='lat' dir='ltr'>umquam</span> <span class='ocrx_word' id='word_1_92' title='bbox 683 814 995 868; x_wconf 85' lang='lat' dir='ltr'>imperatorum</span> <span class='ocrx_word' id='word_1_93' title='bbox 1026 814 1107 855; x_wconf 88' lang='lat' dir='ltr'>hoc</span> <span class='ocrx_word' id='word_1_94' title='bbox 1133 815 1367 868; x_wconf 88' lang='lat' dir='ltr'>prouinciis</span> <span class='ocrx_word' id='word_1_95' title='bbox 1395 817 1483 858; x_wconf 90' lang='lat' dir='ltr'>suis</span> <span class='ocrx_word' id='word_1_96' title='bbox 1503 828 1556 853; x_wconf 79' lang='lat'>490</span> 
     </span>
     <span class='ocr_line' id='line_1_14' title="bbox 135 872 1486 927; baseline 0.002 -14"><span class='ocrx_word' id='word_1_97' title='bbox 135 876 208 914; x_wconf 85' lang='lat' dir='ltr'>aut</span> <span class='ocrx_word' id='word_1_98' title='bbox 241 873 438 914; x_wconf 84' lang='lat' dir='ltr'>uberiore</span> <span class='ocrx_word' id='word_1_99' title='bbox 471 873 739 927; x_wconf 74' lang='lat' dir='ltr'>indulgentia</span> <span class='ocrx_word' id='word_1_100' title='bbox 771 872 905 926; x_wconf 85' lang='lat' dir='ltr'>dedit,</span> <span class='ocrx_word' id='word_1_101' title='bbox 938 876 1012 914; x_wconf 89' lang='lat' dir='ltr'>aut</span> <span class='ocrx_word' id='word_1_102' title='bbox 1044 873 1225 915; x_wconf 84' lang='lat' dir='ltr'>certiore</span> <span class='ocrx_word' id='word_1_103' title='bbox 1259 875 1486 916; x_wconf 79' lang='lat' dir='ltr'>securitate</span> 
     </span>
     <span class='ocr_line' id='line_1_15' title="bbox 135 931 1488 986; baseline 0.001 -13"><span class='ocrx_word' id='word_1_104' title='bbox 135 932 372 986; x_wconf 81' lang='lat' dir='ltr'>prospexit,</span> <span class='ocrx_word' id='word_1_105' title='bbox 413 934 488 973; x_wconf 89' lang='lat' dir='ltr'>aut</span> <span class='ocrx_word' id='word_1_106' title='bbox 519 931 746 985; x_wconf 86' lang='lat' dir='ltr'>prudentia</span> <span class='ocrx_word' id='word_1_107' title='bbox 779 933 1040 974; x_wconf 85' lang='lat' dir='ltr'>consultiore</span> <span class='ocrx_word' id='word_1_108' title='bbox 1073 932 1287 974; x_wconf 78' lang='lat' dir='ltr'>muniuit?</span> <span class='ocrx_word' id='word_1_109' title='bbox 1328 933 1488 975; x_wconf 84' lang='lat' dir='ltr'>fecerat</span> 
     </span>
     <span class='ocr_line' id='line_1_16' title="bbox 135 991 1488 1045; baseline 0.001 -13"><span class='ocrx_word' id='word_1_110' title='bbox 135 995 177 1033; x_wconf 88' lang='lat' dir='ltr'>et</span> <span class='ocrx_word' id='word_1_111' title='bbox 209 991 421 1032; x_wconf 88' lang='lat' dir='ltr'>Traianus</span> <span class='ocrx_word' id='word_1_112' title='bbox 461 991 580 1044; x_wconf 88' lang='lat' dir='ltr'>olim,</span> <span class='ocrx_word' id='word_1_113' title='bbox 621 991 693 1032; x_wconf 83' lang='lat' dir='ltr'>sed</span> <span class='ocrx_word' id='word_1_114' title='bbox 732 991 928 1045; x_wconf 88' lang='lat' dir='ltr'>partibus</span> <span class='ocrx_word' id='word_1_115' title='bbox 966 991 1146 1033; x_wconf 87' lang='lat' dir='ltr'>retentis</span> <span class='ocrx_word' id='word_1_116' title='bbox 1178 1006 1266 1033; x_wconf 88' lang='lat' dir='ltr'>non</span> <span class='ocrx_word' id='word_1_117' title='bbox 1296 992 1488 1034; x_wconf 86' lang='lat' dir='ltr'>habebat</span> 
     </span>
     <span class='ocr_line' id='line_1_17' title="bbox 134 1050 1488 1106; baseline 0 -14"><span class='ocrx_word' id='word_1_118' title='bbox 134 1052 302 1092; x_wconf 86' lang='lat' dir='ltr'>tantam</span> <span class='ocrx_word' id='word_1_119' title='bbox 341 1050 671 1091; x_wconf 87' lang='lat' dir='ltr'>oblectationem</span> <span class='ocrx_word' id='word_1_120' title='bbox 713 1050 904 1092; x_wconf 85' lang='lat' dir='ltr'>concessi</span> <span class='ocrx_word' id='word_1_121' title='bbox 944 1050 1077 1092; x_wconf 87' lang='lat' dir='ltr'>debiti</span> <span class='ocrx_word' id='word_1_122' title='bbox 1118 1051 1279 1106; x_wconf 89' lang='lat' dir='ltr'>portio,</span> <span class='ocrx_word' id='word_1_123' title='bbox 1326 1056 1488 1105; x_wconf 84' lang='lat' dir='ltr'>quanta</span> 
     </span>
     <span class='ocr_line' id='line_1_18' title="bbox 136 1108 1558 1164; baseline 0.001 -13"><span class='ocrx_word' id='word_1_124' title='bbox 136 1110 312 1151; x_wconf 88' lang='lat' dir='ltr'>suberat</span> <span class='ocrx_word' id='word_1_125' title='bbox 332 1108 573 1150; x_wconf 80' lang='lat' dir='ltr'>amaritudo</span> <span class='ocrx_word' id='word_1_126' title='bbox 596 1109 766 1150; x_wconf 86' lang='lat' dir='ltr'>seruati.</span> <span class='ocrx_word' id='word_1_127' title='bbox 808 1112 850 1150; x_wconf 91' lang='lat' dir='ltr'>et</span> <span class='ocrx_word' id='word_1_128' title='bbox 870 1109 1114 1150; x_wconf 88' lang='lat' dir='ltr'>Antoninus</span> <span class='ocrx_word' id='word_1_129' title='bbox 1142 1109 1391 1164; x_wconf 84' lang='lat' dir='ltr'>indulserat,</span> <span class='ocrx_word' id='word_1_130' title='bbox 1413 1111 1485 1152; x_wconf 89' lang='lat' dir='ltr'>sed</span> <span class='ocrx_word' id='word_1_131' title='bbox 1505 1122 1558 1148; x_wconf 77' lang='grc'>495</span> 
     </span>
     <span class='ocr_line' id='line_1_19' title="bbox 134 1168 1486 1223; baseline 0.001 -13"><span class='ocrx_word' id='word_1_132' title='bbox 134 1169 321 1222; x_wconf 89' lang='lat' dir='ltr'>imperii,</span> <span class='ocrx_word' id='word_1_133' title='bbox 360 1183 447 1210; x_wconf 89' lang='lat' dir='ltr'>non</span> <span class='ocrx_word' id='word_1_134' title='bbox 478 1168 674 1209; x_wconf 89' lang='lat' dir='ltr'>beneficii</span> <span class='ocrx_word' id='word_1_135' title='bbox 707 1182 927 1210; x_wconf 84' lang='lat' dir='ltr'>successor</span> <span class='ocrx_word' id='word_1_136' title='bbox 958 1169 1134 1223; x_wconf 88' lang='lat' dir='ltr'>inuidit,</span> <span class='ocrx_word' id='word_1_137' title='bbox 1174 1169 1246 1223; x_wconf 89' lang='lat' dir='ltr'>qui</span> <span class='ocrx_word' id='word_1_138' title='bbox 1278 1184 1328 1211; x_wconf 85' lang='lat' dir='ltr'>ex</span> <span class='ocrx_word' id='word_1_139' title='bbox 1361 1170 1486 1211; x_wconf 84' lang='lat' dir='ltr'>docu-</span> 
     </span>
     <span class='ocr_line' id='line_1_20' title="bbox 0 1227 1488 1284; baseline 0.001 -16"><span class='ocrx_word' id='word_1_140' title='bbox 0 1228 294 1269; x_wconf 72' lang='lat' dir='ltr'>xxxmmentis</span> <span class='ocrx_word' id='word_1_141' title='bbox 320 1227 565 1281; x_wconf 86' lang='lat' dir='ltr'>tabulisque</span> <span class='ocrx_word' id='word_1_142' title='bbox 592 1227 742 1281; x_wconf 90' lang='lat' dir='ltr'>populi</span> <span class='ocrx_word' id='word_1_143' title='bbox 769 1227 1009 1269; x_wconf 88' lang='lat' dir='ltr'>condonata</span> <span class='ocrx_word' id='word_1_144' title='bbox 1034 1228 1248 1282; x_wconf 89' lang='lat' dir='ltr'>repetiuit.</span> <span class='ocrx_word' id='word_1_145' title='bbox 1289 1230 1338 1270; x_wconf 89' lang='lat' dir='ltr'>tu</span> <span class='ocrx_word' id='word_1_146' title='bbox 1365 1242 1488 1284; x_wconf 86' lang='lat' dir='ltr'>argu-</span> 
     </span>
     <span class='ocr_line' id='line_1_21' title="bbox 135 1286 1487 1340; baseline 0 -12"><span class='ocrx_word' id='word_1_147' title='bbox 135 1290 281 1329; x_wconf 87' lang='lat' dir='ltr'>menta</span> <span class='ocrx_word' id='word_1_148' title='bbox 339 1286 481 1328; x_wconf 88' lang='lat' dir='ltr'>omnia</span> <span class='ocrx_word' id='word_1_149' title='bbox 540 1286 765 1340; x_wconf 83' lang='lat' dir='ltr'>flagitandi</span> <span class='ocrx_word' id='word_1_150' title='bbox 815 1286 1050 1340; x_wconf 87' lang='lat' dir='ltr'>publicitus</span> <span class='ocrx_word' id='word_1_151' title='bbox 1109 1287 1258 1328; x_wconf 87' lang='lat' dir='ltr'>ardere</span> <span class='ocrx_word' id='word_1_152' title='bbox 1310 1288 1487 1329; x_wconf 88' lang='lat' dir='ltr'>iussisti.</span> 
     </span>
     <span class='ocr_line' id='line_1_22' title="bbox 67 1345 1485 1402; baseline 0 -15"><span class='ocrx_word' id='word_1_153' title='bbox 67 1357 109 1388; x_wconf 82' lang='lat'>74</span> <span class='ocrx_word' id='word_1_154' title='bbox 136 1346 280 1387; x_wconf 89' lang='lat' dir='ltr'>uidere</span> <span class='ocrx_word' id='word_1_155' title='bbox 313 1346 358 1387; x_wconf 91' lang='lat' dir='ltr'>in</span> <span class='ocrx_word' id='word_1_156' title='bbox 386 1346 473 1387; x_wconf 88' lang='lat' dir='ltr'>suis</span> <span class='ocrx_word' id='word_1_157' title='bbox 501 1360 692 1399; x_wconf 88' lang='lat' dir='ltr'>quaeque</span> <span class='ocrx_word' id='word_1_158' title='bbox 716 1345 821 1386; x_wconf 81' lang='lat' dir='ltr'>foris</span> <span class='ocrx_word' id='word_1_159' title='bbox 850 1360 997 1387; x_wconf 88' lang='lat' dir='ltr'>omnes</span> <span class='ocrx_word' id='word_1_160' title='bbox 1025 1345 1222 1387; x_wconf 83' lang='lat' dir='ltr'>ciuitates</span> <span class='ocrx_word' id='word_1_161' title='bbox 1250 1347 1485 1402; x_wconf 88' lang='lat' dir='ltr'>conflagra-</span> 
     </span>
     <span class='ocr_line' id='line_1_23' title="bbox 137 1404 1558 1459; baseline -0.002 -13"><span class='ocrx_word' id='word_1_162' title='bbox 137 1405 299 1447; x_wconf 88' lang='lat' dir='ltr'>tionem</span> <span class='ocrx_word' id='word_1_163' title='bbox 344 1404 530 1446; x_wconf 86' lang='lat' dir='ltr'>salubris</span> <span class='ocrx_word' id='word_1_164' title='bbox 574 1404 773 1446; x_wconf 86' lang='lat' dir='ltr'>incendii.</span> <span class='ocrx_word' id='word_1_165' title='bbox 829 1405 1034 1447; x_wconf 82' lang='lat' dir='ltr'>ardebant</span> <span class='ocrx_word' id='word_1_166' title='bbox 1078 1406 1233 1459; x_wconf 86' lang='lat' dir='ltr'>stirpes</span> <span class='ocrx_word' id='word_1_167' title='bbox 1271 1405 1486 1446; x_wconf 88' lang='lat' dir='ltr'>fraudium</span> <span class='ocrx_word' id='word_1_168' title='bbox 1506 1418 1558 1443; x_wconf 57' lang='grc' dir='ltr'>ὅου</span> 
     </span>
     <span class='ocr_line' id='line_1_24' title="bbox 136 1464 1488 1506; baseline 0.001 -1"><span class='ocrx_word' id='word_1_169' title='bbox 136 1466 350 1506; x_wconf 89' lang='lat' dir='ltr'>ueterum:</span> <span class='ocrx_word' id='word_1_170' title='bbox 396 1464 605 1505; x_wconf 83' lang='lat' dir='ltr'>ardebant</span> <span class='ocrx_word' id='word_1_171' title='bbox 646 1464 811 1505; x_wconf 88' lang='lat' dir='ltr'>semina</span> <span class='ocrx_word' id='word_1_172' title='bbox 855 1464 1109 1506; x_wconf 85' lang='lat' dir='ltr'>futurarum.</span> <span class='ocrx_word' id='word_1_173' title='bbox 1172 1465 1258 1505; x_wconf 89' lang='lat' dir='ltr'>iam</span> <span class='ocrx_word' id='word_1_174' title='bbox 1304 1479 1347 1506; x_wconf 88' lang='lat' dir='ltr'>se</span> <span class='ocrx_word' id='word_1_175' title='bbox 1393 1479 1488 1506; x_wconf 89' lang='lat' dir='ltr'>cum</span> 
     </span>
     <span class='ocr_line' id='line_1_25' title="bbox 136 1523 1486 1578; baseline 0 -14"><span class='ocrx_word' id='word_1_176' title='bbox 136 1523 315 1578; x_wconf 88' lang='lat' dir='ltr'>puluere</span> <span class='ocrx_word' id='word_1_177' title='bbox 352 1523 502 1564; x_wconf 83' lang='lat' dir='ltr'>fauilla</span> <span class='ocrx_word' id='word_1_178' title='bbox 541 1523 786 1577; x_wconf 85' lang='lat' dir='ltr'>miscuerat,</span> <span class='ocrx_word' id='word_1_179' title='bbox 830 1523 917 1564; x_wconf 86' lang='lat' dir='ltr'>iam</span> <span class='ocrx_word' id='word_1_180' title='bbox 954 1523 1140 1564; x_wconf 87' lang='lat' dir='ltr'>nubibus</span> <span class='ocrx_word' id='word_1_181' title='bbox 1173 1523 1314 1565; x_wconf 81' lang='lat' dir='ltr'>fumus</span> <span class='ocrx_word' id='word_1_182' title='bbox 1349 1538 1393 1564; x_wconf 92' lang='lat' dir='ltr'>se</span> <span class='ocrx_word' id='word_1_183' title='bbox 1425 1524 1486 1564; x_wconf 88' lang='lat' dir='ltr'>in-</span> 
     </span>
     <span class='ocr_line' id='line_1_26' title="bbox 137 1581 1487 1638; baseline 0.001 -15"><span class='ocrx_word' id='word_1_184' title='bbox 137 1583 350 1624; x_wconf 88' lang='lat' dir='ltr'>uoluerat:</span> <span class='ocrx_word' id='word_1_185' title='bbox 403 1585 445 1623; x_wconf 90' lang='lat' dir='ltr'>et</span> <span class='ocrx_word' id='word_1_186' title='bbox 490 1581 627 1623; x_wconf 87' lang='lat' dir='ltr'>adhuc</span> <span class='ocrx_word' id='word_1_187' title='bbox 671 1582 846 1623; x_wconf 80' lang='lat' dir='ltr'>obnoxii</span> <span class='ocrx_word' id='word_1_188' title='bbox 896 1582 940 1623; x_wconf 89' lang='lat' dir='ltr'>in</span> <span class='ocrx_word' id='word_1_189' title='bbox 991 1583 1162 1638; x_wconf 81' lang='lat' dir='ltr'>paginis</span> <span class='ocrx_word' id='word_1_190' title='bbox 1207 1583 1487 1624; x_wconf 83' lang='lat' dir='ltr'>concrematis</span> 
     </span>
     <span class='ocr_line' id='line_1_27' title="bbox 136 1641 1488 1695; baseline 0.001 -13"><span class='ocrx_word' id='word_1_191' title='bbox 136 1641 287 1682; x_wconf 87' lang='lat' dir='ltr'>ductus</span> <span class='ocrx_word' id='word_1_192' title='bbox 316 1641 482 1695; x_wconf 85' lang='lat' dir='ltr'>apicum</span> <span class='ocrx_word' id='word_1_193' title='bbox 514 1644 556 1682; x_wconf 90' lang='lat' dir='ltr'>et</span> <span class='ocrx_word' id='word_1_194' title='bbox 583 1641 879 1683; x_wconf 87' lang='lat' dir='ltr'>sestertiorum</span> <span class='ocrx_word' id='word_1_195' title='bbox 905 1643 1030 1682; x_wconf 89' lang='lat' dir='ltr'>notas</span> <span class='ocrx_word' id='word_1_196' title='bbox 1059 1656 1153 1683; x_wconf 89' lang='lat' dir='ltr'>cum</span> <span class='ocrx_word' id='word_1_197' title='bbox 1175 1642 1488 1683; x_wconf 87' lang='lat' dir='ltr'>substantiolae</span> 
     </span>
    </p>
   </div>
   <div class='ocr_carea' id='block_1_3' title="bbox 136 1780 1493 2347">
    <p class='ocr_par' dir='ltr' id='par_1_3' title="bbox 136 1780 1493 2347">
     <span class='ocr_line' id='line_1_28' title="bbox 232 1780 1492 1824; baseline 0.002 -10"><span class='ocrx_word' id='word_1_198' title='bbox 232 1785 300 1815; x_wconf 72' lang='lat'>479</span> <span class='ocrx_word' id='word_1_199' title='bbox 327 1780 381 1814; x_wconf 89' lang='lat' dir='ltr'>nil</span> <span class='ocrx_word' id='word_1_200' title='bbox 406 1780 454 1814; x_wconf 83' lang='lat' dir='ltr'><strong><em>M</em></strong></span> <span class='ocrx_word' id='word_1_201' title='bbox 524 1784 592 1815; x_wconf 83' lang='grc'>480</span> <span class='ocrx_word' id='word_1_202' title='bbox 618 1780 834 1824; x_wconf 81' lang='lat' dir='ltr'>uespaxiani</span> <span class='ocrx_word' id='word_1_203' title='bbox 853 1781 886 1814; x_wconf 88' lang='lat' dir='ltr'><em>T</em></span> <span class='ocrx_word' id='word_1_204' title='bbox 907 1781 1116 1824; x_wconf 85' lang='lat' dir='ltr'>uespesiani</span> <span class='ocrx_word' id='word_1_205' title='bbox 1139 1782 1187 1815; x_wconf 86' lang='lat' dir='ltr'><strong><em>M</em></strong></span> <span class='ocrx_word' id='word_1_206' title='bbox 1207 1783 1212 1824; x_wconf 72' lang='lat' dir='ltr'>l</span> <span class='ocrx_word' id='word_1_207' title='bbox 1234 1780 1351 1815; x_wconf 80' lang='lat' dir='ltr'>nimia</span> <span class='ocrx_word' id='word_1_208' title='bbox 1375 1793 1440 1817; x_wconf 86' lang='lat' dir='ltr'>om.</span> <span class='ocrx_word' id='word_1_209' title='bbox 1459 1781 1492 1816; x_wconf 94' lang='lat' dir='ltr'><em>T</em></span> 
     </span>
     <span class='ocr_line' id='line_1_29' title="bbox 184 1827 1489 1874; baseline 0.002 -13"><span class='ocrx_word' id='word_1_210' title='bbox 184 1831 251 1862; x_wconf 86' lang='lat'>481</span> <span class='ocrx_word' id='word_1_211' title='bbox 279 1828 431 1862; x_wconf 73' lang='lat' dir='ltr'>ferenda</span> <span class='ocrx_word' id='word_1_212' title='bbox 458 1827 508 1862; x_wconf 87' lang='lat' dir='ltr'><strong><em>M</em></strong></span> <span class='ocrx_word' id='word_1_213' title='bbox 585 1830 652 1861; x_wconf 81' lang='lat'>482</span> <span class='ocrx_word' id='word_1_214' title='bbox 680 1827 894 1862; x_wconf 84' lang='lat' dir='ltr'>ualentiano</span> <span class='ocrx_word' id='word_1_215' title='bbox 925 1828 996 1863; x_wconf 90' lang='lat' dir='ltr'>TG</span> <span class='ocrx_word' id='word_1_216' title='bbox 1075 1831 1144 1862; x_wconf 77' lang='lat'>484</span> <span class='ocrx_word' id='word_1_217' title='bbox 1170 1828 1310 1873; x_wconf 89' lang='lat' dir='ltr'>optimo</span> <span class='ocrx_word' id='word_1_218' title='bbox 1339 1829 1372 1863; x_wconf 90' lang='lat' dir='ltr'><em>T</em></span> <span class='ocrx_word' id='word_1_219' title='bbox 1394 1829 1489 1874; x_wconf 90' lang='lat' dir='ltr'>opti-</span> 
     </span>
     <span class='ocr_line' id='line_1_30' title="bbox 136 1874 1488 1919; baseline 0.002 -11"><span class='ocrx_word' id='word_1_220' title='bbox 136 1885 218 1909; x_wconf 88' lang='lat' dir='ltr'>mae</span> <span class='ocrx_word' id='word_1_221' title='bbox 247 1875 296 1908; x_wconf 86' lang='lat' dir='ltr'><em>M</em></span> <span class='ocrx_word' id='word_1_222' title='bbox 325 1875 464 1919; x_wconf 87' lang='lat' dir='ltr'>optime</span> <span class='ocrx_word' id='word_1_223' title='bbox 493 1874 525 1909; x_wconf 99' lang='lat' dir='ltr'><strong><em>G</em></strong></span> <span class='ocrx_word' id='word_1_224' title='bbox 554 1876 558 1918; x_wconf 87' lang='grc'>1</span> <span class='ocrx_word' id='word_1_225' title='bbox 593 1875 647 1909; x_wconf 89' lang='lat' dir='ltr'>rei</span> <span class='ocrx_word' id='word_1_226' title='bbox 674 1888 719 1919; x_wconf 86' lang='lat' dir='ltr'>.p.</span> <span class='ocrx_word' id='word_1_227' title='bbox 750 1875 782 1908; x_wconf 91' lang='lat' dir='ltr'><em>T</em></span> <span class='ocrx_word' id='word_1_228' title='bbox 806 1875 857 1909; x_wconf 80' lang='lat' dir='ltr'>rei</span> <span class='ocrx_word' id='word_1_229' title='bbox 885 1887 945 1919; x_wconf 88' lang='lat' dir='ltr'>pu.</span> <span class='ocrx_word' id='word_1_230' title='bbox 974 1876 1047 1919; x_wconf 64' lang='lat' dir='ltr'>Ml</span> <span class='ocrx_word' id='word_1_231' title='bbox 1083 1875 1264 1918; x_wconf 77' lang='lat' dir='ltr'>intelligis</span> <span class='ocrx_word' id='word_1_232' title='bbox 1291 1876 1326 1910; x_wconf 94' lang='lat' dir='ltr'><em>Z</em></span> <span class='ocrx_word' id='word_1_233' title='bbox 1419 1879 1488 1911; x_wconf 86' lang='lat'>485</span> 
     </span>
     <span class='ocr_line' id='line_1_31' title="bbox 138 1921 1488 1966; baseline 0.002 -11"><span class='ocrx_word' id='word_1_234' title='bbox 138 1921 371 1956; x_wconf 88' lang='lat' dir='ltr'>leuissimum</span> <span class='ocrx_word' id='word_1_235' title='bbox 399 1922 447 1955; x_wconf 80' lang='lat' dir='ltr'><em>M</em></span> <span class='ocrx_word' id='word_1_236' title='bbox 543 1925 611 1956; x_wconf 84' lang='lat'>487</span> <span class='ocrx_word' id='word_1_237' title='bbox 638 1922 843 1966; x_wconf 84' lang='lat' dir='ltr'>singulares</span> <span class='ocrx_word' id='word_1_238' title='bbox 875 1923 908 1956; x_wconf 92' lang='lat' dir='ltr'><em>T</em></span> <span class='ocrx_word' id='word_1_239' title='bbox 929 1923 1113 1958; x_wconf 80' lang='lat' dir='ltr'>seculares</span> <span class='ocrx_word' id='word_1_240' title='bbox 1143 1923 1231 1957; x_wconf 82' lang='lat' dir='ltr'>MG</span> <span class='ocrx_word' id='word_1_241' title='bbox 1329 1927 1397 1958; x_wconf 84' lang='lat'>490</span> <span class='ocrx_word' id='word_1_242' title='bbox 1425 1936 1488 1958; x_wconf 87' lang='lat' dir='ltr'>un-</span> 
     </span>
     <span class='ocr_line' id='line_1_32' title="bbox 140 1969 1444 2015; baseline 0.002 -13"><span class='ocrx_word' id='word_1_243' title='bbox 140 1980 250 2012; x_wconf 88' lang='lat' dir='ltr'>quam</span> <span class='ocrx_word' id='word_1_244' title='bbox 279 1969 313 2002; x_wconf 81' lang='lat' dir='ltr'><em>Z</em></span> <span class='ocrx_word' id='word_1_245' title='bbox 333 1969 626 2013; x_wconf 78' lang='lat' dir='ltr'>[imperatorem</span> <span class='ocrx_word' id='word_1_246' title='bbox 653 1969 686 2003; x_wconf 87' lang='lat' dir='ltr'><strong><em>G</em></strong></span> <span class='ocrx_word' id='word_1_247' title='bbox 708 1970 712 2013; x_wconf 85' lang='lat' dir='ltr'>l</span> <span class='ocrx_word' id='word_1_248' title='bbox 736 1969 826 2014; x_wconf 78' lang='lat' dir='ltr'>suis]</span> <span class='ocrx_word' id='word_1_249' title='bbox 856 1970 928 2005; x_wconf 78' lang='lat' dir='ltr'>suit</span> <span class='ocrx_word' id='word_1_250' title='bbox 956 1971 1005 2004; x_wconf 79' lang='lat' dir='ltr'><em>M</em></span> <span class='ocrx_word' id='word_1_251' title='bbox 1076 1974 1140 2005; x_wconf 83' lang='lat'>491</span> <span class='ocrx_word' id='word_1_252' title='bbox 1170 1972 1371 2015; x_wconf 72' lang='lat' dir='ltr'>tyrayanus</span> <span class='ocrx_word' id='word_1_253' title='bbox 1398 1971 1444 2005; x_wconf 84' lang='lat' dir='ltr'><em>M</em></span> 
     </span>
     <span class='ocr_line' id='line_1_33' title="bbox 139 2015 1489 2062; baseline 0.002 -12"><span class='ocrx_word' id='word_1_254' title='bbox 139 2020 207 2051; x_wconf 88' lang='lat'>493</span> <span class='ocrx_word' id='word_1_255' title='bbox 234 2016 393 2050; x_wconf 82' lang='lat' dir='ltr'>recentis</span> <span class='ocrx_word' id='word_1_256' title='bbox 423 2015 456 2050; x_wconf 89' lang='lat' dir='ltr'><strong><em>G</em></strong></span> <span class='ocrx_word' id='word_1_257' title='bbox 539 2020 739 2050; x_wconf 78' lang='lat'>495-570</span> <span class='ocrx_word' id='word_1_258' title='bbox 766 2016 829 2060; x_wconf 69' lang='lat' dir='ltr'>(Et</span> <span class='ocrx_word' id='word_1_259' title='bbox 854 2017 1062 2052; x_wconf 82' lang='lat' dir='ltr'>Antoninus</span> <span class='ocrx_word' id='word_1_260' title='bbox 1088 2039 1134 2043; x_wconf 96' lang='lat'>—</span> <span class='ocrx_word' id='word_1_261' title='bbox 1162 2018 1248 2062; x_wconf 86' lang='lat' dir='ltr'>cibi)</span> <span class='ocrx_word' id='word_1_262' title='bbox 1276 2019 1404 2053; x_wconf 74' lang='lat' dir='ltr'>iterum</span> <span class='ocrx_word' id='word_1_263' title='bbox 1430 2029 1489 2053; x_wconf 78' lang='lat' dir='ltr'>ex-</span> 
     </span>
     <span class='ocr_line' id='line_1_34' title="bbox 140 2063 1436 2107; baseline 0.002 -9"><span class='ocrx_word' id='word_1_264' title='bbox 140 2064 229 2098; x_wconf 77' lang='lat' dir='ltr'>cidit</span> <span class='ocrx_word' id='word_1_265' title='bbox 260 2064 390 2106; x_wconf 76' lang='lat' dir='ltr'>folium</span> <span class='ocrx_word' id='word_1_266' title='bbox 421 2064 573 2107; x_wconf 74' lang='lat' dir='ltr'>exempli</span> <span class='ocrx_word' id='word_1_267' title='bbox 603 2063 888 2099; x_wconf 64' lang='lat' dir='ltr'>Vindoboncnsis</span> <span class='ocrx_word' id='word_1_268' title='bbox 917 2064 951 2099; x_wconf 92' lang='lat' dir='ltr'><strong><em>G</em></strong></span> <span class='ocrx_word' id='word_1_269' title='bbox 1049 2069 1115 2100; x_wconf 76' lang='lat'>495</span> <span class='ocrx_word' id='word_1_270' title='bbox 1149 2065 1361 2100; x_wconf 76' lang='lat' dir='ltr'>indulxerat</span> <span class='ocrx_word' id='word_1_271' title='bbox 1386 2065 1436 2100; x_wconf 85' lang='lat' dir='ltr'><strong><em>M</em></strong></span> 
     </span>
     <span class='ocr_line' id='line_1_35' title="bbox 140 2110 1487 2157; baseline 0.001 -12"><span class='ocrx_word' id='word_1_272' title='bbox 140 2115 207 2145; x_wconf 78' lang='grc'>497</span> <span class='ocrx_word' id='word_1_273' title='bbox 238 2111 368 2155; x_wconf 86' lang='lat' dir='ltr'>populi</span> <span class='ocrx_word' id='word_1_274' title='bbox 395 2122 460 2145; x_wconf 86' lang='lat' dir='ltr'>om.</span> <span class='ocrx_word' id='word_1_275' title='bbox 489 2111 537 2145; x_wconf 85' lang='lat' dir='ltr'><strong><em>M</em></strong></span> <span class='ocrx_word' id='word_1_276' title='bbox 570 2110 717 2155; x_wconf 87' lang='lat' dir='ltr'>populis</span> <span class='ocrx_word' id='word_1_277' title='bbox 745 2112 947 2147; x_wconf 72' lang='lat' dir='ltr'>Illommsen</span> <span class='ocrx_word' id='word_1_278' title='bbox 985 2113 1121 2156; x_wconf 85' lang='lat' dir='ltr'>populo</span> <span class='ocrx_word' id='word_1_279' title='bbox 1148 2112 1301 2147; x_wconf 69' lang='lat' dir='ltr'>Schenkl</span> <span class='ocrx_word' id='word_1_280' title='bbox 1341 2115 1344 2155; x_wconf 94' lang='grc' dir='ltr'>Ι</span> <span class='ocrx_word' id='word_1_281' title='bbox 1384 2124 1487 2157; x_wconf 88' lang='lat' dir='ltr'>repe-</span> 
     </span>
     <span class='ocr_line' id='line_1_36' title="bbox 140 2157 1489 2205; baseline 0.001 -13"><span class='ocrx_word' id='word_1_282' title='bbox 140 2159 225 2192; x_wconf 86' lang='lat' dir='ltr'>tunt</span> <span class='ocrx_word' id='word_1_283' title='bbox 250 2158 300 2192; x_wconf 88' lang='lat' dir='ltr'><em>M</em></span> <span class='ocrx_word' id='word_1_284' title='bbox 368 2162 434 2192; x_wconf 85' lang='lat'>499</span> <span class='ocrx_word' id='word_1_285' title='bbox 463 2157 764 2202; x_wconf 81' lang='lat' dir='ltr'>conflagitionem</span> <span class='ocrx_word' id='word_1_286' title='bbox 791 2159 841 2192; x_wconf 83' lang='lat' dir='ltr'><em>M</em></span> <span class='ocrx_word' id='word_1_287' title='bbox 909 2163 977 2193; x_wconf 84' lang='lat'>500</span> <span class='ocrx_word' id='word_1_288' title='bbox 1004 2162 1130 2203; x_wconf 75' lang='lat' dir='ltr'>stupes</span> <span class='ocrx_word' id='word_1_289' title='bbox 1158 2160 1233 2205; x_wconf 75' lang='lat' dir='ltr'>Ml</span> <span class='ocrx_word' id='word_1_290' title='bbox 1265 2160 1435 2194; x_wconf 81' lang='lat' dir='ltr'>fraudum</span> <span class='ocrx_word' id='word_1_291' title='bbox 1456 2160 1489 2194; x_wconf 91' lang='lat' dir='ltr'><strong><em>G</em></strong></span> 
     </span>
     <span class='ocr_line' id='line_1_37' title="bbox 189 2204 1493 2251; baseline 0.002 -12"><span class='ocrx_word' id='word_1_292' title='bbox 189 2209 256 2239; x_wconf 83' lang='lat'>501</span> <span class='ocrx_word' id='word_1_293' title='bbox 290 2205 432 2240; x_wconf 77' lang='lat' dir='ltr'>semina</span> <span class='ocrx_word' id='word_1_294' title='bbox 461 2205 494 2239; x_wconf 94' lang='lat' dir='ltr'><em>T</em></span> <span class='ocrx_word' id='word_1_295' title='bbox 533 2204 734 2240; x_wconf 80' lang='lat' dir='ltr'>seminaria</span> <span class='ocrx_word' id='word_1_296' title='bbox 761 2206 848 2240; x_wconf 80' lang='lat' dir='ltr'>MG</span> <span class='ocrx_word' id='word_1_297' title='bbox 945 2210 1012 2240; x_wconf 76' lang='lat'>502</span> <span class='ocrx_word' id='word_1_298' title='bbox 1045 2207 1167 2240; x_wconf 84' lang='lat' dir='ltr'>fumus</span> <span class='ocrx_word' id='word_1_299' title='bbox 1201 2209 1254 2251; x_wconf 81' lang='lat' dir='ltr'>se]</span> <span class='ocrx_word' id='word_1_300' title='bbox 1295 2218 1333 2241; x_wconf 81' lang='lat' dir='ltr'>se</span> <span class='ocrx_word' id='word_1_301' title='bbox 1365 2218 1431 2241; x_wconf 84' lang='lat' dir='ltr'>om.</span> <span class='ocrx_word' id='word_1_302' title='bbox 1458 2207 1493 2240; x_wconf 91' lang='lat' dir='ltr'><em>Z</em></span> 
     </span>
     <span class='ocr_line' id='line_1_38' title="bbox 142 2252 1484 2297; baseline 0.001 -11"><span class='ocrx_word' id='word_1_303' title='bbox 142 2253 226 2287; x_wconf 73' lang='lat' dir='ltr'>add.</span> <span class='ocrx_word' id='word_1_304' title='bbox 253 2252 450 2287; x_wconf 68' lang='lat' dir='ltr'>Acidaliae</span> <span class='ocrx_word' id='word_1_305' title='bbox 548 2257 615 2287; x_wconf 77' lang='lat'>703</span> <span class='ocrx_word' id='word_1_306' title='bbox 643 2253 825 2287; x_wconf 72' lang='lat' dir='ltr'>concretis</span> <span class='ocrx_word' id='word_1_307' title='bbox 851 2255 873 2297; x_wconf 78' lang='lat' dir='ltr'><em>f</em></span> <span class='ocrx_word' id='word_1_308' title='bbox 965 2257 1032 2288; x_wconf 82' lang='grc'>704</span> <span class='ocrx_word' id='word_1_309' title='bbox 1059 2254 1317 2288; x_wconf 76' lang='lat' dir='ltr'>sextertiorum</span> <span class='ocrx_word' id='word_1_310' title='bbox 1347 2254 1458 2297; x_wconf 82' lang='lat' dir='ltr'>TMf</span> <span class='ocrx_word' id='word_1_311' title='bbox 1481 2266 1484 2297; x_wconf 62' lang='lat'>4</span> 
     </span>
     <span class='ocr_line' id='line_1_39' title="bbox 142 2299 1488 2347; baseline 0.001 -14"><span class='ocrx_word' id='word_1_312' title='bbox 142 2311 224 2333; x_wconf 83' lang='lat' dir='ltr'>cum</span> <span class='ocrx_word' id='word_1_313' title='bbox 241 2299 514 2335; x_wconf 80' lang='lat' dir='ltr'>substantiolae</span> <span class='ocrx_word' id='word_1_314' title='bbox 528 2300 672 2335; x_wconf 87' lang='lat' dir='ltr'>ratione</span> <span class='ocrx_word' id='word_1_315' title='bbox 684 2299 813 2345; x_wconf 72' lang='lat' dir='ltr'>Pez&#39;pcr</span> <span class='ocrx_word' id='word_1_316' title='bbox 840 2301 1079 2336; x_wconf 82' lang='lat' dir='ltr'>conuiuantia</span> <span class='ocrx_word' id='word_1_317' title='bbox 1093 2301 1116 2334; x_wconf 71' lang='lat' dir='ltr'>d</span> <span class='ocrx_word' id='word_1_318' title='bbox 1131 2302 1191 2336; x_wconf 74' lang='lat' dir='ltr'>roc</span> <span class='ocrx_word' id='word_1_319' title='bbox 1208 2302 1280 2347; x_wconf 80' lang='lat' dir='ltr'>(uel</span> <span class='ocrx_word' id='word_1_320' title='bbox 1291 2301 1488 2336; x_wconf 88' lang='lat' dir='ltr'>coniuuan-</span> 
     </span>
    </p>
   </div>
  </div>
 </body>
</html>
