1563 2511
669 57 953 98 „99-

141 162 242 204 Inde
274 161 466 204 Dionaeo
498 162 770 216 praefulgens
801 162 936 203 Iulius
970 166 1086 204 astro

196 221 388 262 Aestatis
421 221 583 261 mediae
615 223 812 274 tempora
845 224 958 261 certa
990 223 1118 263 tenet.

141 279 360 334 Augustus
394 279 588 334 sequitur
618 281 848 333 cognatum
881 294 906 319 a
939 278 1120 321 Caesare
1153 294 1327 334 nomen,
1438 291 1480 322 15

197 337 353 379 Ordine
386 338 445 379 sic
479 337 580 379 anni
610 337 851 392 proximus,
882 340 930 379 ut
962 339 1143 391 generis.

137 396 380 438 Nectuntur
410 398 509 450 post
540 397 620 437 hos
653 410 959 450 numerumque
991 411 1041 436 ex
1075 397 1221 437 ordine
1256 397 1429 452 signant

197 454 463 509 September,
494 454 654 496 Bacchi
686 469 860 495 munere
892 455 1039 508 praela
1070 456 1233 509 rigans,

134 513 193 555 Et
226 514 298 568 qui
331 514 534 555 sementis
566 528 642 567 per
673 515 872 568 tempora
902 513 1078 554 faenore
1110 514 1247 554 laetus

195 572 380 614 October
412 572 553 626 cupidi
587 587 706 626 spem
738 572 858 613 fouet
890 572 1123 626 agricolae,
1436 583 1480 613 ‘20

136 630 300 685 Quique
334 631 424 672 salo
457 643 655 685 mergens
689 630 915 672 sollemnia
948 631 1072 686 signa
1103 629 1352 672 Nouember

195 689 474 744 Praecipitat,
507 690 623 731 caelo
657 704 755 730 mox
787 689 976 730 reditura
1009 704 1096 731 suo.

136 747 404 790 Concludens
435 762 661 790 numerum
694 748 881 802 genialia
911 748 1024 789 festa
1056 747 1292 790 December

195 806 330 861 Finit,
362 810 409 849 ut
441 823 465 848 a
498 808 650 848 bruma
682 822 781 848 mox
813 821 952 848 nouus
985 822 1121 848 annus
1153 810 1234 848 eat.

64 982 125 1007 XII
147 982 208 1015 [379
227 981 347 1013 Eorxx]
385 968 448 1003 DE
476 968 648 1003 TRIBVS
675 968 955 1004 MENSTRVIS
982 968 1234 1005 MENSVVM.

137 1065 211 1106 Bis
246 1079 369 1106 senas
404 1079 514 1106 anno
547 1068 720 1119 reparat
751 1064 913 1105 Lucina
944 1065 1152 1106 kalendas

134 1124 191 1165 Et
222 1124 403 1165 totidem
437 1123 599 1165 medias
633 1123 706 1164 dat
738 1137 904 1164 currere
936 1122 1131 1178 Iuppiter
1163 1123 1257 1164 idus

134 1182 438 1236 Nonarumque
472 1182 584 1223 diem
616 1182 780 1223 faciunt
811 1181 924 1222 infra
956 1184 1052 1223 octo
1087 1182 1272 1224 secundi.

134 1240 252 1282 Haec
284 1244 383 1282 sunt
414 1240 609 1282 Romano
642 1243 813 1282 tantum
845 1240 929 1281 tria
961 1241 1138 1282 nomina
1170 1241 1325 1295 mensi3

136 1298 288 1341 Cetera
319 1315 395 1355 per
426 1314 628 1340 numeros
662 1302 762 1341 sunt
793 1303 1078 1353 cognomenta
1112 1299 1288 1341 dierum.
1460 1310 1479 1340 5

61 1451 226 1519 XI{{1.[{⁷]³
274 1473 493 1516 QVOTENI
519 1473 627 1508 Dius
656 1473 763 1508 SINT
788 1473 1033 1509 MENSVVM
1060 1473 1386 1510 smevaVM.

132 1570 305 1624 Inplent
336 1571 522 1611 tricenas
554 1584 630 1624 per
662 1570 834 1625 singula
866 1572 1087 1611 menstrua
1118 1570 1233 1611 luces

133 1628 279 1670 Iunius
312 1629 565 1683 Aprilisque
597 1631 639 1669 et
670 1643 767 1672 cum
800 1627 1052 1682 Septembre
1083 1628 1342 1671 Nouember.

131 1687 275 1728 Vnum
306 1690 372 1729 ter
404 1687 523 1729 denis
557 1688 814 1728 cumulatius
848 1687 953 1728 adde
986 1687 1136 1728 diebus

133 1746 211 1787 Per
244 1749 408 1800 septem
440 1760 626 1800 menses,
657 1745 751 1787 Iani
782 1745 1019 1800 Martisque
1051 1746 1244 1787 kalendis

130 1804 189 1846 Et
221 1819 325 1859 quas
357 1805 496 1846 Maius
531 1805 638 1859 agit,
672 1820 776 1859 quas
809 1805 942 1846 Iulius
976 1805 1282 1860 Augustusque
1458 1815 1478 1846 5

130 1863 188 1905 Et
222 1879 326 1918 quas
360 1863 545 1906 October
579 1865 827 1918 positusque
860 1864 904 1904 in
934 1863 1018 1904 fine
1052 1864 1299 1905 December.

226 2006 267 2037 18
294 2003 401 2038 bacci
432 2003 466 2037 V
559 2006 603 2037 20
630 2001 782 2037 octuber
814 2002 869 2045 Vl
891 2002 994 2037 fobet
1025 2002 1059 2036 V
1152 2006 1194 2037 21
1221 2003 1424 2038 nobember
1449 2002 1483 2035 V

131 2053 175 2084 24
199 2050 316 2085 nobus
347 2051 402 2093 V!
436 2054 549 2085 annuS
575 2052 605 2093 (s
632 2051 678 2084 al.
705 2052 765 2094 ss.)
798 2049 833 2083 V

222 2120 291 2154 XII
328 2133 507 2156 nmsvvnz
542 2133 565 2155 v
584 2132 644 2165 pr.
676 2121 718 2155 in
748 2131 819 2155 ras.
852 2120 898 2154 Vs
994 2124 1014 2155 3
1047 2119 1145 2155 intra
1177 2121 1379 2155 Mommsen
1517 2121 1555 2153 V

130 2172 152 2201 4
177 2179 330 2202 romana
357 2170 418 2212 (na
443 2169 483 2202 in
510 2179 557 2202 no
585 2169 645 2211 αῖ.)
678 2167 712 2201 V
805 2172 824 2201 5
852 2178 1004 2202 numero
1036 2167 1081 2201 V1
1109 2169 1138 2211 (s
1164 2169 1209 2201 αῖ.
1237 2169 1296 2210 ss.)

225 2237 310 2272 XIII
334 2234 490 2272 D¹ssssmr
522 2238 556 2272 V
649 2242 668 2272 2
695 2238 894 2273 nobember
924 2237 958 2271 V
1051 2242 1071 2272 ὂ
1098 2237 1251 2272 terrenis
1283 2236 1327 2271 V¹
1361 2238 1364 2281 Ι
1400 2246 1474 2280 qua
1517 2238 1551 2271 V

135 2283 181 2318 V¹
211 2286 216 2327 l
250 2285 402 2330 agustus
434 2285 468 2319 V
561 2290 581 2320 6
609 2286 760 2320 octuber

1221 2342 1261 2375 ‘a
