1563 2511
576 95 899 136 —399—

69 200 345 256 nauigatione
371 200 609 241 deuehitur.
659 202 785 253 atque
812 200 899 241 illic
927 201 969 242 in
995 203 1123 254 portu
1149 199 1291 253 patrio
1318 213 1413 240 eum

71 259 317 301 muneribus
350 259 565 299 uniuersis
600 258 818 312 quiescens
846 262 888 299 et
914 259 1105 300 omnium
1136 259 1311 313 ignarus
1345 273 1413 300 ex-

69 319 263 374 ponitur,
294 316 559 358 Phaeacibus
593 331 642 358 eo
676 316 912 358 dormiente
945 318 1248 359 remeantibus.

682 431 797 466 XIIII.

229 501 355 545 Αὐτὰρ
382 499 401 536 ὁ
430 499 471 537 ἐκ
496 500 644 546 λιμένος
669 501 829 548 προςέβη
856 507 1031 547 τρηχεῖαν
1057 499 1257 546 ἆταρ(πόν)

229 549 431 595 Egreditur
455 552 581 594 portu,
607 548 727 584 tenuis
756 560 826 593 quo
854 550 987 584 semita
1013 549 1125 584 ducit.

161 633 318 676 Somno
358 634 603 688 expergitus
636 633 783 675 Vlixes
824 636 997 687 portum
1037 635 1080 674 et
1117 632 1218 674 litus
1250 633 1415 686 patriae

73 708 160 735 non
186 693 276 733 sine
303 693 434 734 animi
462 693 809 733 consternatione
836 691 1058 746 cognoscit
1085 692 1416 745 admiraturque,

72 755 120 793 ut
152 751 374 805 aduectus,
412 754 459 791 ut
491 751 728 804 expositus,
767 753 815 792 ut
845 751 1020 792 relictus
1054 751 1122 791 sit.
1183 752 1231 791 ut
1262 752 1417 791 cuncta

73 810 267 852 nesciens
307 810 485 863 requirit
529 809 730 851 uniuersa
769 809 998 851 donorum:
1043 823 1149 864 quae
1187 812 1418 863 postquam

72 869 303 911 incolumia
341 868 475 922 uidet,
515 882 641 922 quam
680 870 824 922 potest
855 868 1069 909 tutissime
1103 868 1288 909 occultat
1321 882 1419 908 con-

74 929 267 982 siliisque
301 942 325 969 a
355 927 550 968 Minerua
582 928 858 968 confirmatus
892 927 943 968 ad
977 941 1148 967 seruum
1179 926 1418 967 Eumaeum

75 987 300 1028 subulcum
346 986 571 1027 simulatus
617 985 780 1027 accedit
817 985 1019 1040 naufragi
1057 987 1099 1026 et
1136 984 1418 1026 mendicantis

73 1046 258 1086 imitatu.
313 1045 602 1099 interrogatus
641 1044 811 1098 deinde,
854 1045 948 1098 quis
988 1046 1118 1094 esset,
1157 1044 1219 1084 ait
1251 1057 1342 1084 esse
1375 1056 1418 1083 se

74 1103 288 1146 Cresium:
320 1104 364 1144 in
397 1104 644 1158 Aegyptum
674 1103 953 1157 nauigantem
985 1102 1157 1144 Troiam
1187 1102 1319 1143 fuisse
1353 1101 1419 1142 de-

73 1164 221 1204 latum.
271 1162 509 1204 Eumaeum
541 1164 633 1202 tum
667 1162 890 1203 affectione
918 1161 1208 1202 maestissima
1238 1174 1419 1215 pergens

78 1226 119 1263 et
152 1256 158 1263 .
188 1255 195 1263 .
223 1255 230 1263 .
258 1255 266 1263 .
300 1224 481 1274 cogente
523 1221 703 1274 denique
741 1235 922 1275 uespera
962 1222 1004 1261 et
1043 1220 1179 1260 imbre
1218 1219 1418 1261 continuo

75 1281 227 1335 sagulo
262 1280 471 1321 amicitur.
527 1282 654 1334 atque
697 1279 855 1320 ibidem
894 1279 1031 1320 multa
1064 1293 1206 1320 secum
1238 1278 1418 1319 uoluens

76 1339 249 1381 tandem
282 1338 477 1381 concedit
509 1338 652 1392 quieti.

703 1452 782 1488 XV.

234 1523 281 1559 ‘H
305 1522 340 1558 δ’
371 1524 423 1564 εἰς
449 1522 654 1568 εὐρύχορον
680 1524 948 1567 Λακεδαίμονα
975 1519 1125 1562 Παλλὰς
1147 1519 1281 1566 Ἀθήνη

241 1572 299 1606 Ad
324 1571 636 1606 Lacedaemonias
662 1582 764 1605 arces
791 1570 961 1605 Tritonia
986 1569 1109 1604 Pallas

166 1655 448 1697 Telemachus
482 1670 506 1696 a
536 1654 732 1696 Minerua
763 1669 839 1709 per
870 1654 1082 1696 somnium
1116 1655 1421 1706 commonetur,

81 1730 94 1732 “
120 1729 273 1783 ἡΧΠΠ
294 1729 318 1783 Ξ)
345 1747 484 1793 Vergil.
510 1746 542 1780 A
568 1747 617 1781 xi
644 1750 712 1781 524
737 1746 858 1781 tenuis
885 1757 956 1791 quo
984 1745 1117 1780 semita
1143 1744 1254 1780 ducit.

172 1836 192 1866 8
219 1831 318 1877 ome}
345 1831 381 1864 P
473 1835 492 1864 9
519 1829 714 1875 phiacibus
742 1829 778 1862 P

173 1889 275 1923 XIIII
306 1894 322 1923 1
338 1890 691 1933 aytapoaffiamexoc
711 1902 746 1922 'r1
766 1897 1166 1932 pocessnrnnxeianarap
1187 1884 1275 1931 [πόν
1288 1885 1372 1931 om]
1389 1884 1426 1918 P

80 1942 100 1973 3
133 1937 306 1982 expergi‘}
337 1938 512 1971 incertum
545 1936 605 1969 tur
631 1947 681 1969 an
707 1936 780 1978 tus)
808 1935 845 1970 P
937 1938 956 1968 6
982 1933 1147 1968 nesciens
1174 1933 1325 1968 »Schenkl
1362 1944 1424 1967 ne-

81 1985 175 2019 sciet
201 1985 237 2028 (i.
264 1983 436 2027 nesciret)
465 1983 500 2016 P
572 1987 590 2017 7
617 1981 844 2017 incolumina
863 1982 922 2025 Pl
946 1979 1091 2015 consilii
1113 1981 1149 2014 P
1220 1984 1240 2015 8
1268 1980 1424 2014 eubeum

79 2032 116 2066 P
187 2036 229 2065 10
252 2031 404 2065 imitata
429 2030 465 2063 P
537 2034 578 2063 11
607 2041 749 2064 cresum
770 2029 806 2064 P
827 2039 917 2063 corr.
933 2028 1123 2062 Amantius
1144 2029 1149 2071 l
1172 2027 1341 2071 egiptum
1361 2026 1397 2060 P

78 2079 189 2113 Troia
217 2078 314 2121 Toll,
342 2089 391 2112 an
415 2075 697 2120 Thesprotiam?
777 2080 818 2110 12
846 2087 927 2110 cum
973 2077 1053 2109 tum
1080 2075 1229 2110 Schenkl
1251 2075 1256 2119 1
1279 2073 1423 2108 mestis-

80 2125 220 2160 simaP
240 2128 244 2168 1
268 2135 425 2169 pergens
441 2124 657 2167 PVyoletus
682 2134 883 2168 perurgens
934 2124 1053 2157 melus
1078 2132 1260 2166 peragens
1273 2120 1425 2155 Schenkl

83 2184 134 2207 an
160 2171 389 2217 perducens?
489 2175 531 2205 13
558 2171 596 2204 et
622 2173 776 2215 cogente
805 2170 840 2204 P
864 2171 1034 2204 lacunam
1058 2170 1168 2204 indic.
1200 2168 1331 2212 Peiper

84 2224 125 2254 14
152 2219 332 2254 amieetur
361 2219 395 2252 P
421 2219 425 2262 Ι
460 2218 552 2251 mlta
580 2218 616 2251 P
713 2223 754 2252 15
781 2217 942 2252 concidit
968 2217 1004 2251 P

175 2277 242 2311 XV
271 2281 287 2311 1
316 2279 1012 2321 eymxorflkassmam*honanmacaenflu
1030 2274 1065 2308 P
1125 2280 1144 2309 2
1172 2274 1227 2308 Ad
1248 2284 1313 2308 om.
1329 2273 1365 2307 P
1385 2274 1424 2307 at

89 2325 256 2370 Vyoletus
275 2324 322 2358 ad
336 2325 392 2359 uel
405 2324 436 2358 it
450 2325 648 2359 Accursius
671 2327 674 2368 Ι
698 2324 794 2357 artes
810 2323 845 2356 P
857 2333 947 2358 corr.
963 2322 1085 2357 Paris.
1135 2325 1155 2355 3
1172 2321 1380 2365 sompnium
1392 2320 1429 2354 P

1448 1054 1489 1085 10
