<?xml version="1.0" encoding="UTF-8"?>
<!DOCTYPE html PUBLIC "-//W3C//DTD XHTML 1.0 Transitional//EN"
    "http://www.w3.org/TR/xhtml1/DTD/xhtml1-transitional.dtd">
<html xmlns="http://www.w3.org/1999/xhtml" xml:lang="en" lang="en">
 <head>
  <title>
</title>
<meta http-equiv="Content-Type" content="text/html;charset=utf-8" />
  <meta name='ocr-system' content='tesseract 3.04.00' />
  <meta name='ocr-capabilities' content='ocr_page ocr_carea ocr_par ocr_line ocrx_word'/>
</head>
<body>
  <div class='ocr_page' id='page_1' title='image "./opuscula00ausouoft_0539.png"; bbox 0 0 1563 2511; ppageno 0'>
   <div class='ocr_carea' id='block_1_1' title="bbox 546 91 864 131">
    <p class='ocr_par' dir='ltr' id='par_1_1' title="bbox 546 91 864 131">
     <span class='ocr_line' id='line_1_1' title="bbox 546 91 864 131; baseline 0 0"><span class='ocrx_word' id='word_1_1' title='bbox 546 91 750 131; x_wconf 66' lang='lat'>—405</span> <span class='ocrx_word' id='word_1_2' title='bbox 817 116 864 119; x_wconf 90' lang='lat'>—</span> 
     </span>
    </p>
   </div>
   <div class='ocr_carea' id='block_1_2' title="bbox 627 250 776 285">
    <p class='ocr_par' dir='ltr' id='par_1_2' title="bbox 627 250 776 285">
     <span class='ocr_line' id='line_1_2' title="bbox 627 250 776 285; baseline 0 -1"><span class='ocrx_word' id='word_1_3' title='bbox 627 250 776 285; x_wconf 89' lang='lat' dir='ltr'>XXIIII.</span> 
     </span>
    </p>
   </div>
   <div class='ocr_carea' id='block_1_3' title="bbox 245 317 1207 411">
    <p class='ocr_par' dir='ltr' id='par_1_3' title="bbox 245 317 1198 411">
     <span class='ocr_line' id='line_1_3' title="bbox 245 317 1125 368; baseline 0.003 -14"><span class='ocrx_word' id='word_1_4' title='bbox 245 319 283 367; x_wconf 90' lang='grc'>&lt;</span> <span class='ocrx_word' id='word_1_5' title='bbox 286 321 413 365; x_wconf 86' lang='grc' dir='ltr'><strong><em>Ερμῆς</em></strong></span> <span class='ocrx_word' id='word_1_6' title='bbox 439 319 479 355; x_wconf 77' lang='grc' dir='ltr'>δὲ</span> <span class='ocrx_word' id='word_1_7' title='bbox 507 317 632 365; x_wconf 74' lang='grc' dir='ltr'><em>ψυχὰς</em></span> <span class='ocrx_word' id='word_1_8' title='bbox 657 317 861 364; x_wconf 77' lang='grc' dir='ltr'><em>Κυλλήνιος</em></span> <span class='ocrx_word' id='word_1_9' title='bbox 889 319 1125 368; x_wconf 73' lang='grc' dir='ltr'>ἐξεκαλεῖτο)</span> 
     </span>
     <span class='ocr_line' id='line_1_4' title="bbox 248 367 1207 411; baseline 0.002 -10"><span class='ocrx_word' id='word_1_10' title='bbox 248 368 464 402; x_wconf 76' lang='lat' dir='ltr'>Tartaream</span> <span class='ocrx_word' id='word_1_11' title='bbox 490 369 602 402; x_wconf 87' lang='lat' dir='ltr'>uocat</span> <span class='ocrx_word' id='word_1_12' title='bbox 626 367 663 401; x_wconf 90' lang='lat' dir='ltr'>in</span> <span class='ocrx_word' id='word_1_13' title='bbox 690 368 813 402; x_wconf 81' lang='lat' dir='ltr'>sedem</span> <span class='ocrx_word' id='word_1_14' title='bbox 841 367 1026 411; x_wconf 84' lang='lat' dir='ltr'>Cyllenius</span> <span class='ocrx_word' id='word_1_15' title='bbox 1052 369 1207 404; x_wconf 82' lang='lat' dir='ltr'>umbras.</span> 
     </span>
    </p>
   </div>
   <div class='ocr_carea' id='block_1_4' title="bbox 0 451 1375 1502">
    <p class='ocr_par' dir='ltr' id='par_1_4' title="bbox 0 451 1375 1093">
     <span class='ocr_line' id='line_1_5' title="bbox 120 451 1373 494; baseline 0.002 -3"><span class='ocrx_word' id='word_1_16' title='bbox 120 451 354 492; x_wconf 88' lang='lat' dir='ltr'>Procorum</span> <span class='ocrx_word' id='word_1_17' title='bbox 393 452 556 492; x_wconf 84' lang='lat' dir='ltr'>animas</span> <span class='ocrx_word' id='word_1_18' title='bbox 594 451 753 492; x_wconf 86' lang='lat' dir='ltr'>recenti</span> <span class='ocrx_word' id='word_1_19' title='bbox 792 454 835 492; x_wconf 86' lang='lat' dir='ltr'>et</span> <span class='ocrx_word' id='word_1_20' title='bbox 867 453 1080 493; x_wconf 89' lang='lat' dir='ltr'>communi</span> <span class='ocrx_word' id='word_1_21' title='bbox 1118 453 1244 494; x_wconf 85' lang='lat' dir='ltr'>caede</span> <span class='ocrx_word' id='word_1_22' title='bbox 1277 468 1373 494; x_wconf 86' lang='lat' dir='ltr'>con-</span> 
     </span>
     <span class='ocr_line' id='line_1_6' title="bbox 33 509 1375 565; baseline 0.001 -14"><span class='ocrx_word' id='word_1_23' title='bbox 33 512 178 565; x_wconf 82' lang='lat' dir='ltr'>gestas</span> <span class='ocrx_word' id='word_1_24' title='bbox 200 511 454 551; x_wconf 84' lang='lat' dir='ltr'>cateruatim</span> <span class='ocrx_word' id='word_1_25' title='bbox 474 509 710 550; x_wconf 89' lang='lat' dir='ltr'>Mercurius</span> <span class='ocrx_word' id='word_1_26' title='bbox 738 509 790 550; x_wconf 90' lang='lat' dir='ltr'>ad</span> <span class='ocrx_word' id='word_1_27' title='bbox 816 509 984 551; x_wconf 85' lang='lat' dir='ltr'>inferna</span> <span class='ocrx_word' id='word_1_28' title='bbox 1008 511 1236 564; x_wconf 73' lang='lat' dir='ltr'><strong>compellit.</strong></span> <span class='ocrx_word' id='word_1_29' title='bbox 1273 514 1375 552; x_wconf 88' lang='lat' dir='ltr'>tunc</span> 
     </span>
     <span class='ocr_line' id='line_1_7' title="bbox 33 568 1373 624; baseline 0 -14"><span class='ocrx_word' id='word_1_30' title='bbox 33 569 144 610; x_wconf 88' lang='lat' dir='ltr'>circa</span> <span class='ocrx_word' id='word_1_31' title='bbox 163 569 533 623; x_wconf 84' lang='lat' dir='ltr'>Agamemnonem</span> <span class='ocrx_word' id='word_1_32' title='bbox 559 582 706 609; x_wconf 87' lang='lat' dir='ltr'>manes</span> <span class='ocrx_word' id='word_1_33' title='bbox 738 568 899 610; x_wconf 81' lang='lat' dir='ltr'>heroici</span> <span class='ocrx_word' id='word_1_34' title='bbox 925 572 1251 624; x_wconf 71' lang='lat' dir='ltr'>congregantur.</span> <span class='ocrx_word' id='word_1_35' title='bbox 1295 571 1373 610; x_wconf 87' lang='lat' dir='ltr'>mi-</span> 
     </span>
     <span class='ocr_line' id='line_1_8' title="bbox 34 627 1373 682; baseline 0.001 -14"><span class='ocrx_word' id='word_1_36' title='bbox 34 627 201 681; x_wconf 88' lang='lat' dir='ltr'>ratique</span> <span class='ocrx_word' id='word_1_37' title='bbox 240 627 449 668; x_wconf 87' lang='lat' dir='ltr'>lectorum</span> <span class='ocrx_word' id='word_1_38' title='bbox 481 627 683 668; x_wconf 88' lang='lat' dir='ltr'>iuuenum</span> <span class='ocrx_word' id='word_1_39' title='bbox 715 641 971 682; x_wconf 81' lang='lat' dir='ltr'>congregem</span> <span class='ocrx_word' id='word_1_40' title='bbox 1003 628 1257 669; x_wconf 87' lang='lat' dir='ltr'>densitatem</span> <span class='ocrx_word' id='word_1_41' title='bbox 1290 643 1373 669; x_wconf 87' lang='lat' dir='ltr'>uno</span> 
     </span>
     <span class='ocr_line' id='line_1_9' title="bbox 33 686 1373 740; baseline 0 -13"><span class='ocrx_word' id='word_1_42' title='bbox 33 687 202 740; x_wconf 85' lang='lat' dir='ltr'>agmine</span> <span class='ocrx_word' id='word_1_43' title='bbox 230 688 538 727; x_wconf 74' lang='lat' dir='ltr'>commeantem</span> <span class='ocrx_word' id='word_1_44' title='bbox 560 700 710 727; x_wconf 81' lang='lat' dir='ltr'>causas</span> <span class='ocrx_word' id='word_1_45' title='bbox 736 686 996 727; x_wconf 81' lang='lat' dir='ltr'>interitionis</span> <span class='ocrx_word' id='word_1_46' title='bbox 1017 687 1243 740; x_wconf 69' lang='lat' dir='ltr'>accipiunt,</span> <span class='ocrx_word' id='word_1_47' title='bbox 1282 690 1373 727; x_wconf 88' lang='lat' dir='ltr'>tum</span> 
     </span>
     <span class='ocr_line' id='line_1_10' title="bbox 33 743 1375 799; baseline -0.001 -13"><span class='ocrx_word' id='word_1_48' title='bbox 33 745 145 798; x_wconf 86' lang='lat' dir='ltr'>apud</span> <span class='ocrx_word' id='word_1_49' title='bbox 176 744 337 786; x_wconf 85' lang='lat' dir='ltr'>inferos</span> <span class='ocrx_word' id='word_1_50' title='bbox 371 759 539 798; x_wconf 88' lang='lat' dir='ltr'>quoque</span> <span class='ocrx_word' id='word_1_51' title='bbox 570 744 708 785; x_wconf 87' lang='lat' dir='ltr'>uirtus</span> <span class='ocrx_word' id='word_1_52' title='bbox 735 743 876 785; x_wconf 83' lang='lat' dir='ltr'>Vlixis</span> <span class='ocrx_word' id='word_1_53' title='bbox 910 748 951 786; x_wconf 88' lang='lat' dir='ltr'>et</span> <span class='ocrx_word' id='word_1_54' title='bbox 982 745 1224 798; x_wconf 85' lang='lat' dir='ltr'>Penelopae</span> <span class='ocrx_word' id='word_1_55' title='bbox 1256 745 1375 799; x_wconf 87' lang='lat' dir='ltr'>pudi-</span> 
     </span>
     <span class='ocr_line' id='line_1_11' title="bbox 32 803 1373 858; baseline 0 -14"><span class='ocrx_word' id='word_1_56' title='bbox 32 803 133 844; x_wconf 87' lang='lat' dir='ltr'>citia</span> <span class='ocrx_word' id='word_1_57' title='bbox 164 803 484 857; x_wconf 69' lang='lat' dir='ltr'>praedicantur,</span> <span class='ocrx_word' id='word_1_58' title='bbox 523 803 576 843; x_wconf 87' lang='lat' dir='ltr'>ab</span> <span class='ocrx_word' id='word_1_59' title='bbox 610 803 934 858; x_wconf 84' lang='lat' dir='ltr'>Agamemnone</span> <span class='ocrx_word' id='word_1_60' title='bbox 967 818 1069 857; x_wconf 90' lang='lat' dir='ltr'>prae</span> <span class='ocrx_word' id='word_1_61' title='bbox 1103 804 1273 857; x_wconf 83' lang='lat' dir='ltr'>ceteris,</span> <span class='ocrx_word' id='word_1_62' title='bbox 1308 805 1373 844; x_wconf 89' lang='lat' dir='ltr'>cui</span> 
     </span>
     <span class='ocr_line' id='line_1_12' title="bbox 32 861 1373 916; baseline 0 -14"><span class='ocrx_word' id='word_1_63' title='bbox 32 862 178 916; x_wconf 82' lang='lat' dir='ltr'>dispar</span> <span class='ocrx_word' id='word_1_64' title='bbox 215 862 357 902; x_wconf 87' lang='lat' dir='ltr'>fuerat</span> <span class='ocrx_word' id='word_1_65' title='bbox 388 861 434 902; x_wconf 90' lang='lat' dir='ltr'>in</span> <span class='ocrx_word' id='word_1_66' title='bbox 465 864 646 915; x_wconf 86' lang='lat' dir='ltr'>utroque</span> <span class='ocrx_word' id='word_1_67' title='bbox 677 861 862 903; x_wconf 85' lang='lat' dir='ltr'>fortuna.</span> <span class='ocrx_word' id='word_1_68' title='bbox 913 861 1060 903; x_wconf 85' lang='lat' dir='ltr'>Vlixes</span> <span class='ocrx_word' id='word_1_69' title='bbox 1093 862 1145 902; x_wconf 88' lang='lat' dir='ltr'>ad</span> <span class='ocrx_word' id='word_1_70' title='bbox 1175 861 1373 903; x_wconf 80' lang='lat' dir='ltr'>Laertem</span> 
     </span>
     <span class='ocr_line' id='line_1_13' title="bbox 32 919 1373 975; baseline 0 -14"><span class='ocrx_word' id='word_1_71' title='bbox 32 924 199 975; x_wconf 85' lang='lat' dir='ltr'>patrem</span> <span class='ocrx_word' id='word_1_72' title='bbox 223 921 268 961; x_wconf 90' lang='lat' dir='ltr'>in</span> <span class='ocrx_word' id='word_1_73' title='bbox 289 933 440 973; x_wconf 87' lang='lat' dir='ltr'>agrum</span> <span class='ocrx_word' id='word_1_74' title='bbox 466 919 682 973; x_wconf 86' lang='lat' dir='ltr'>profectus</span> <span class='ocrx_word' id='word_1_75' title='bbox 709 920 928 973; x_wconf 87' lang='lat' dir='ltr'>inopinato</span> <span class='ocrx_word' id='word_1_76' title='bbox 950 924 993 961; x_wconf 86' lang='lat' dir='ltr'>et</span> <span class='ocrx_word' id='word_1_77' title='bbox 1012 921 1151 962; x_wconf 88' lang='lat' dir='ltr'>reditu</span> <span class='ocrx_word' id='word_1_78' title='bbox 1172 924 1214 961; x_wconf 89' lang='lat' dir='ltr'>et</span> <span class='ocrx_word' id='word_1_79' title='bbox 1232 935 1373 961; x_wconf 90' lang='lat' dir='ltr'>rerum</span> 
     </span>
     <span class='ocr_line' id='line_1_14' title="bbox 33 977 1373 1034; baseline 0 -15"><span class='ocrx_word' id='word_1_80' title='bbox 33 982 251 1033; x_wconf 86' lang='lat' dir='ltr'>gestarum</span> <span class='ocrx_word' id='word_1_81' title='bbox 283 979 422 1019; x_wconf 85' lang='lat' dir='ltr'>relatu</span> <span class='ocrx_word' id='word_1_82' title='bbox 450 977 585 1019; x_wconf 87' lang='lat' dir='ltr'>afficit</span> <span class='ocrx_word' id='word_1_83' title='bbox 612 993 772 1019; x_wconf 86' lang='lat' dir='ltr'>senem:</span> <span class='ocrx_word' id='word_1_84' title='bbox 807 978 993 1020; x_wconf 87' lang='lat' dir='ltr'>afficitur</span> <span class='ocrx_word' id='word_1_85' title='bbox 1019 979 1072 1019; x_wconf 88' lang='lat' dir='ltr'>ab</span> <span class='ocrx_word' id='word_1_86' title='bbox 1100 993 1148 1019; x_wconf 93' lang='lat' dir='ltr'>eo</span> <span class='ocrx_word' id='word_1_87' title='bbox 1176 979 1373 1034; x_wconf 75' lang='lat' dir='ltr'>cognitis,</span> 
     </span>
     <span class='ocr_line' id='line_1_15' title="bbox 0 1036 1373 1103; baseline 0 -25"><span class='ocrx_word' id='word_1_88' title='bbox 0 1087 1 1093; x_wconf 11' lang='grc' dir='ltr'>ἵ</span> <span class='ocrx_word' id='word_1_89' title='bbox 32 1052 137 1092; x_wconf 87' lang='lat' dir='ltr'>quas</span> <span class='ocrx_word' id='word_1_90' title='bbox 159 1038 436 1087; x_wconf 83' lang='lat' dir='ltr'>exanclasset,</span> <span class='ocrx_word' id='word_1_91' title='bbox 458 1036 682 1078; x_wconf 86' lang='lat' dir='ltr'>aerumnis.</span> <span class='ocrx_word' id='word_1_92' title='bbox 722 1037 900 1078; x_wconf 82' lang='lat' dir='ltr'>subinde</span> <span class='ocrx_word' id='word_1_93' title='bbox 922 1040 962 1078; x_wconf 88' lang='lat' dir='ltr'>et</span> <span class='ocrx_word' id='word_1_94' title='bbox 986 1040 1128 1091; x_wconf 88' lang='lat' dir='ltr'>patres</span> <span class='ocrx_word' id='word_1_95' title='bbox 1149 1052 1373 1103; x_wconf 80' lang='lat' dir='ltr'>procomm</span> 
     </span>
    </p>

    <p class='ocr_par' dir='ltr' id='par_1_5' title="bbox 0 1096 1372 1502">
     <span class='ocr_line' id='line_1_16' title="bbox 30 1096 1372 1150; baseline -0.001 -13"><span class='ocrx_word' id='word_1_96' title='bbox 30 1111 156 1137; x_wconf 85' lang='lat' dir='ltr'>neces</span> <span class='ocrx_word' id='word_1_97' title='bbox 187 1096 390 1138; x_wconf 86' lang='lat' dir='ltr'>iuuenum</span> <span class='ocrx_word' id='word_1_98' title='bbox 421 1098 657 1150; x_wconf 86' lang='lat' dir='ltr'>properant</span> <span class='ocrx_word' id='word_1_99' title='bbox 687 1096 827 1136; x_wconf 92' lang='lat' dir='ltr'>ultum</span> <span class='ocrx_word' id='word_1_100' title='bbox 858 1097 940 1137; x_wconf 88' lang='lat' dir='ltr'>ire:</span> <span class='ocrx_word' id='word_1_101' title='bbox 971 1096 1231 1150; x_wconf 87' lang='lat' dir='ltr'>consilioque</span> <span class='ocrx_word' id='word_1_102' title='bbox 1264 1098 1307 1137; x_wconf 84' lang='lat' dir='ltr'>et</span> <span class='ocrx_word' id='word_1_103' title='bbox 1331 1096 1372 1136; x_wconf 89' lang='lat' dir='ltr'>ui</span> 
     </span>
     <span class='ocr_line' id='line_1_17' title="bbox 0 1154 1370 1208; baseline 0 -13"><span class='ocrx_word' id='word_1_104' title='bbox 0 1162 2 1199; x_wconf 71' lang='grc' dir='ltr'><strong>ἱ</strong></span> <span class='ocrx_word' id='word_1_105' title='bbox 33 1155 356 1196; x_wconf 85' lang='lat' dir='ltr'>communicatis</span> <span class='ocrx_word' id='word_1_106' title='bbox 384 1157 483 1195; x_wconf 87' lang='lat' dir='ltr'>ante</span> <span class='ocrx_word' id='word_1_107' title='bbox 510 1156 778 1208; x_wconf 84' lang='lat' dir='ltr'>expectatum</span> <span class='ocrx_word' id='word_1_108' title='bbox 805 1167 908 1208; x_wconf 87' lang='lat' dir='ltr'>agro</span> <span class='ocrx_word' id='word_1_109' title='bbox 936 1154 1253 1208; x_wconf 86' lang='lat' dir='ltr'>superueniunt.</span> <span class='ocrx_word' id='word_1_110' title='bbox 1298 1154 1370 1195; x_wconf 85' lang='lat' dir='ltr'>sed</span> 
     </span>
     <span class='ocr_line' id='line_1_18' title="bbox 0 1212 1372 1269; baseline 0 -15"><span class='ocrx_word' id='word_1_111' title='bbox 0 1224 104 1269; x_wconf 56' lang='lat' dir='ltr'>{eos</span> <span class='ocrx_word' id='word_1_112' title='bbox 148 1214 233 1254; x_wconf 84' lang='lat' dir='ltr'>iam</span> <span class='ocrx_word' id='word_1_113' title='bbox 279 1213 525 1255; x_wconf 83' lang='lat' dir='ltr'>comitatior</span> <span class='ocrx_word' id='word_1_114' title='bbox 567 1212 714 1254; x_wconf 86' lang='lat' dir='ltr'>Vlixes</span> <span class='ocrx_word' id='word_1_115' title='bbox 759 1213 899 1254; x_wconf 85' lang='lat' dir='ltr'>fundit</span> <span class='ocrx_word' id='word_1_116' title='bbox 942 1213 1159 1268; x_wconf 85' lang='lat' dir='ltr'>fugatque.</span> <span class='ocrx_word' id='word_1_117' title='bbox 1221 1228 1372 1254; x_wconf 88' lang='lat' dir='ltr'>uerum</span> 
     </span>
     <span class='ocr_line' id='line_1_19' title="bbox 0 1270 1372 1326; baseline 0 -14"><span class='ocrx_word' id='word_1_118' title='bbox 0 1270 312 1326; x_wconf 48' lang='lat' dir='ltr'>{gliscentibus</span> <span class='ocrx_word' id='word_1_119' title='bbox 363 1272 472 1313; x_wconf 81' lang='lat' dir='ltr'>odiis</span> <span class='ocrx_word' id='word_1_120' title='bbox 517 1273 560 1311; x_wconf 89' lang='lat' dir='ltr'>et</span> <span class='ocrx_word' id='word_1_121' title='bbox 602 1271 763 1312; x_wconf 85' lang='lat' dir='ltr'>maiore</span> <span class='ocrx_word' id='word_1_122' title='bbox 814 1271 1022 1313; x_wconf 80' lang='lat' dir='ltr'>seditione</span> <span class='ocrx_word' id='word_1_123' title='bbox 1072 1274 1146 1312; x_wconf 86' lang='lat' dir='ltr'>aut</span> <span class='ocrx_word' id='word_1_124' title='bbox 1188 1272 1372 1312; x_wconf 89' lang='lat' dir='ltr'>tumultu</span> 
     </span>
     <span class='ocr_line' id='line_1_20' title="bbox 0 1329 1371 1388; baseline 0 -17"><span class='ocrx_word' id='word_1_125' title='bbox 0 1332 3 1388; x_wconf 62' lang='grc' dir='ltr'>ξ</span> <span class='ocrx_word' id='word_1_126' title='bbox 31 1333 254 1384; x_wconf 86' lang='lat' dir='ltr'>expectato</span> <span class='ocrx_word' id='word_1_127' title='bbox 294 1345 344 1371; x_wconf 89' lang='lat' dir='ltr'>ex</span> <span class='ocrx_word' id='word_1_128' title='bbox 377 1330 592 1371; x_wconf 87' lang='lat' dir='ltr'>sententia</span> <span class='ocrx_word' id='word_1_129' title='bbox 623 1329 739 1371; x_wconf 88' lang='lat' dir='ltr'>Iouis</span> <span class='ocrx_word' id='word_1_130' title='bbox 771 1330 815 1371; x_wconf 89' lang='lat' dir='ltr'>in</span> <span class='ocrx_word' id='word_1_131' title='bbox 846 1330 1040 1371; x_wconf 87' lang='lat' dir='ltr'>Ithacam</span> <span class='ocrx_word' id='word_1_132' title='bbox 1071 1330 1267 1371; x_wconf 88' lang='lat' dir='ltr'>Minerua</span> <span class='ocrx_word' id='word_1_133' title='bbox 1304 1330 1371 1370; x_wconf 88' lang='lat' dir='ltr'>de-</span> 
     </span>
     <span class='ocr_line' id='line_1_21' title="bbox 0 1389 1371 1442; baseline -0.001 -12"><span class='ocrx_word' id='word_1_134' title='bbox 0 1389 196 1435; x_wconf 67' lang='lat' dir='ltr'>{scendit</span> <span class='ocrx_word' id='word_1_135' title='bbox 230 1392 272 1429; x_wconf 92' lang='lat' dir='ltr'>et</span> <span class='ocrx_word' id='word_1_136' title='bbox 310 1389 538 1430; x_wconf 86' lang='lat' dir='ltr'>conciliata</span> <span class='ocrx_word' id='word_1_137' title='bbox 575 1389 791 1442; x_wconf 87' lang='lat' dir='ltr'>utrimque</span> <span class='ocrx_word' id='word_1_138' title='bbox 829 1403 932 1441; x_wconf 87' lang='lat' dir='ltr'>pace</span> <span class='ocrx_word' id='word_1_139' title='bbox 971 1389 1112 1430; x_wconf 88' lang='lat' dir='ltr'>studia</span> <span class='ocrx_word' id='word_1_140' title='bbox 1150 1391 1193 1430; x_wconf 91' lang='lat' dir='ltr'>et</span> <span class='ocrx_word' id='word_1_141' title='bbox 1229 1391 1371 1430; x_wconf 87' lang='lat' dir='ltr'>motus</span> 
     </span>
     <span class='ocr_line' id='line_1_22' title="bbox 0 1447 1171 1502; baseline 0 -14"><span class='ocrx_word' id='word_1_142' title='bbox 0 1449 3 1478; x_wconf 68' lang='grc' dir='ltr'>ἰ</span> <span class='ocrx_word' id='word_1_143' title='bbox 31 1447 219 1500; x_wconf 86' lang='lat' dir='ltr'>partium</span> <span class='ocrx_word' id='word_1_144' title='bbox 250 1462 392 1488; x_wconf 91' lang='lat' dir='ltr'>rerum</span> <span class='ocrx_word' id='word_1_145' title='bbox 424 1450 641 1502; x_wconf 88' lang='lat' dir='ltr'>gestarum</span> <span class='ocrx_word' id='word_1_146' title='bbox 674 1447 909 1488; x_wconf 88' lang='lat' dir='ltr'>abolitione</span> <span class='ocrx_word' id='word_1_147' title='bbox 942 1448 1171 1501; x_wconf 86' lang='lat' dir='ltr'>componit.</span> 
     </span>
    </p>
   </div>
   <div class='ocr_carea' id='block_1_5' title="bbox 86 1543 190 1545">
    <p class='ocr_par' dir='ltr' id='par_1_6' title="bbox 86 1543 190 1545">
     <span class='ocr_line' id='line_1_23' title="bbox 86 1543 190 1545; baseline 0 0"><span class='ocrx_word' id='word_1_148' title='bbox 86 1543 190 1545; x_wconf 95' lang='lat' dir='ltr'> </span> 
     </span>
    </p>
   </div>
   <div class='ocr_carea' id='block_1_6' title="bbox 195 1541 312 1547">
    <p class='ocr_par' dir='ltr' id='par_1_7' title="bbox 195 1541 312 1547">
     <span class='ocr_line' id='line_1_24' title="bbox 195 1541 312 1547; baseline 0 0"><span class='ocrx_word' id='word_1_149' title='bbox 195 1541 312 1547; x_wconf 95' lang='lat' dir='ltr'> </span> 
     </span>
    </p>
   </div>
   <div class='ocr_carea' id='block_1_7' title="bbox 0 1571 1373 1641">
    <p class='ocr_par' dir='ltr' id='par_1_8' title="bbox 0 1571 1373 1641">
     <span class='ocr_line' id='line_1_25' title="bbox 0 1571 1373 1641; baseline 0 -10"><span class='ocrx_word' id='word_1_150' title='bbox 0 1571 3 1604; x_wconf 48' lang='grc'>1</span> <span class='ocrx_word' id='word_1_151' title='bbox 126 1597 264 1631; x_wconf 82' lang='lat' dir='ltr'>XXIIII</span> <span class='ocrx_word' id='word_1_152' title='bbox 291 1601 308 1630; x_wconf 89' lang='lat'>1</span> <span class='ocrx_word' id='word_1_153' title='bbox 337 1608 402 1632; x_wconf 84' lang='lat' dir='ltr'>om.</span> <span class='ocrx_word' id='word_1_154' title='bbox 427 1597 463 1630; x_wconf 91' lang='lat' dir='ltr'><em>P</em></span> <span class='ocrx_word' id='word_1_155' title='bbox 557 1601 577 1630; x_wconf 91' lang='lat'><strong>3</strong></span> <span class='ocrx_word' id='word_1_156' title='bbox 604 1597 740 1631; x_wconf 85' lang='lat' dir='ltr'>retenti</span> <span class='ocrx_word' id='word_1_157' title='bbox 768 1597 804 1630; x_wconf 87' lang='lat' dir='ltr'>P</span> <span class='ocrx_word' id='word_1_158' title='bbox 836 1598 841 1641; x_wconf 84' lang='grc'>1</span> <span class='ocrx_word' id='word_1_159' title='bbox 877 1597 1022 1632; x_wconf 88' lang='lat' dir='ltr'>comuni</span> <span class='ocrx_word' id='word_1_160' title='bbox 1050 1597 1086 1631; x_wconf 91' lang='lat' dir='ltr'><em>P</em></span> <span class='ocrx_word' id='word_1_161' title='bbox 1179 1601 1199 1631; x_wconf 82' lang='lat'>5</span> <span class='ocrx_word' id='word_1_162' title='bbox 1226 1608 1373 1641; x_wconf 78' lang='lat' dir='ltr'>agame-</span> 
     </span>
    </p>
   </div>
   <div class='ocr_carea' id='block_1_8' title="bbox 28 1644 1373 1923">
    <p class='ocr_par' dir='ltr' id='par_1_9' title="bbox 28 1644 1373 1923">
     <span class='ocr_line' id='line_1_26' title="bbox 28 1644 1373 1679; baseline -0.001 -1"><span class='ocrx_word' id='word_1_163' title='bbox 28 1655 164 1679; x_wconf 90' lang='lat' dir='ltr'>nonem</span> <span class='ocrx_word' id='word_1_164' title='bbox 204 1645 239 1678; x_wconf 90' lang='lat' dir='ltr'><strong><em>P</em></strong></span> <span class='ocrx_word' id='word_1_165' title='bbox 347 1648 365 1678; x_wconf 86' lang='lat'><strong>7</strong></span> <span class='ocrx_word' id='word_1_166' title='bbox 400 1645 673 1678; x_wconf 84' lang='lat' dir='ltr'>commeantum</span> <span class='ocrx_word' id='word_1_167' title='bbox 705 1644 889 1678; x_wconf 60' lang='lat' dir='ltr'>Graeceius</span> <span class='ocrx_word' id='word_1_168' title='bbox 997 1648 1017 1678; x_wconf 89' lang='lat'>8</span> <span class='ocrx_word' id='word_1_169' title='bbox 1049 1644 1166 1679; x_wconf 79' lang='lat' dir='ltr'>ulixes</span> <span class='ocrx_word' id='word_1_170' title='bbox 1199 1644 1236 1678; x_wconf 91' lang='lat' dir='ltr'><strong><em>P</em></strong></span> <span class='ocrx_word' id='word_1_171' title='bbox 1330 1647 1373 1677; x_wconf 89' lang='lat'>10</span> 
     </span>
     <span class='ocr_line' id='line_1_27' title="bbox 28 1690 1373 1736; baseline -0.001 -11"><span class='ocrx_word' id='word_1_172' title='bbox 28 1692 147 1726; x_wconf 76' lang='lat' dir='ltr'>laerte</span> <span class='ocrx_word' id='word_1_173' title='bbox 169 1692 205 1725; x_wconf 91' lang='lat' dir='ltr'><strong><em>P</em></strong></span> <span class='ocrx_word' id='word_1_174' title='bbox 279 1695 319 1725; x_wconf 89' lang='lat'>11</span> <span class='ocrx_word' id='word_1_175' title='bbox 346 1690 568 1735; x_wconf 86' lang='lat' dir='ltr'>inoppinatu</span> <span class='ocrx_word' id='word_1_176' title='bbox 595 1692 632 1725; x_wconf 84' lang='lat' dir='ltr'>et</span> <span class='ocrx_word' id='word_1_177' title='bbox 654 1691 689 1724; x_wconf 89' lang='lat' dir='ltr'><strong><em>P</em></strong></span> <span class='ocrx_word' id='word_1_178' title='bbox 713 1690 820 1735; x_wconf 73' lang='lat' dir='ltr'>(corr.</span> <span class='ocrx_word' id='word_1_179' title='bbox 842 1691 981 1734; x_wconf 80' lang='lat' dir='ltr'>Paris.)</span> <span class='ocrx_word' id='word_1_180' title='bbox 1006 1692 1044 1726; x_wconf 88' lang='lat' dir='ltr'>et</span> <span class='ocrx_word' id='word_1_181' title='bbox 1069 1691 1259 1736; x_wconf 84' lang='lat' dir='ltr'>inopinato</span> <span class='ocrx_word' id='word_1_182' title='bbox 1286 1691 1373 1725; x_wconf 80' lang='lat' dir='ltr'>Sca-</span> 
     </span>
     <span class='ocr_line' id='line_1_28' title="bbox 29 1737 1373 1783; baseline -0.002 -10"><span class='ocrx_word' id='word_1_183' title='bbox 29 1739 118 1783; x_wconf 72' lang='lat' dir='ltr'>liyer</span> <span class='ocrx_word' id='word_1_184' title='bbox 207 1741 250 1772; x_wconf 78' lang='lat'>12</span> <span class='ocrx_word' id='word_1_185' title='bbox 283 1738 384 1772; x_wconf 84' lang='lat' dir='ltr'>elatu</span> <span class='ocrx_word' id='word_1_186' title='bbox 410 1737 497 1774; x_wconf 74' lang='lat' dir='ltr'>affct</span> <span class='ocrx_word' id='word_1_187' title='bbox 522 1740 554 1781; x_wconf 76' lang='grc' dir='ltr'>(ὃ</span> <span class='ocrx_word' id='word_1_188' title='bbox 581 1748 631 1771; x_wconf 76' lang='lat' dir='ltr'>cm</span> <span class='ocrx_word' id='word_1_189' title='bbox 656 1739 714 1781; x_wconf 76' lang='lat' dir='ltr'>e‘?)</span> <span class='ocrx_word' id='word_1_190' title='bbox 741 1737 778 1771; x_wconf 91' lang='lat' dir='ltr'><em>P</em></span> <span class='ocrx_word' id='word_1_191' title='bbox 809 1737 934 1772; x_wconf 87' lang='lat' dir='ltr'>affecit</span> <span class='ocrx_word' id='word_1_192' title='bbox 967 1738 1132 1781; x_wconf 72' lang='lat' dir='ltr'>Vyoletus</span> <span class='ocrx_word' id='word_1_193' title='bbox 1224 1741 1266 1771; x_wconf 80' lang='lat'>14</span> <span class='ocrx_word' id='word_1_194' title='bbox 1292 1738 1373 1771; x_wconf 88' lang='lat' dir='ltr'>ultu</span> 
     </span>
     <span class='ocr_line' id='line_1_29' title="bbox 28 1784 1372 1830; baseline -0.001 -11"><span class='ocrx_word' id='word_1_195' title='bbox 28 1785 81 1819; x_wconf 89' lang='lat' dir='ltr'>ire</span> <span class='ocrx_word' id='word_1_196' title='bbox 107 1785 144 1819; x_wconf 91' lang='lat' dir='ltr'><strong><em>P</em></strong></span> <span class='ocrx_word' id='word_1_197' title='bbox 175 1786 241 1830; x_wconf 78' lang='lat' dir='ltr'>(sie</span> <span class='ocrx_word' id='word_1_198' title='bbox 271 1784 353 1819; x_wconf 87' lang='lat' dir='ltr'>ultu</span> <span class='ocrx_word' id='word_1_199' title='bbox 385 1784 456 1819; x_wconf 80' lang='lat' dir='ltr'>isse</span> <span class='ocrx_word' id='word_1_200' title='bbox 493 1785 595 1819; x_wconf 76' lang='lat' dir='ltr'>Auit.</span> <span class='ocrx_word' id='word_1_201' title='bbox 628 1795 678 1828; x_wconf 76' lang='lat' dir='ltr'>ep.</span> <span class='ocrx_word' id='word_1_202' title='bbox 708 1786 756 1819; x_wconf 79' lang='lat'>72</span> <span class='ocrx_word' id='word_1_203' title='bbox 776 1796 815 1828; x_wconf 72' lang='lat' dir='ltr'>p.</span> <span class='ocrx_word' id='word_1_204' title='bbox 841 1788 907 1827; x_wconf 83' lang='lat'>90,</span> <span class='ocrx_word' id='word_1_205' title='bbox 933 1788 956 1819; x_wconf 81' lang='lat'><em>7</em></span> <span class='ocrx_word' id='word_1_206' title='bbox 981 1784 1040 1829; x_wconf 92' lang='lat' dir='ltr'>P.)</span> <span class='ocrx_word' id='word_1_207' title='bbox 1140 1788 1181 1819; x_wconf 86' lang='lat'>15</span> <span class='ocrx_word' id='word_1_208' title='bbox 1214 1785 1252 1819; x_wconf 92' lang='lat' dir='ltr'>in</span> <span class='ocrx_word' id='word_1_209' title='bbox 1284 1795 1372 1828; x_wconf 79' lang='lat' dir='ltr'>agro</span> 
     </span>
     <span class='ocr_line' id='line_1_30' title="bbox 30 1831 1371 1876; baseline 0 -11"><span class='ocrx_word' id='word_1_210' title='bbox 30 1832 182 1866; x_wconf 64' lang='lat' dir='ltr'>Schenkl</span> <span class='ocrx_word' id='word_1_211' title='bbox 258 1836 300 1866; x_wconf 87' lang='grc'>17</span> <span class='ocrx_word' id='word_1_212' title='bbox 326 1832 485 1866; x_wconf 85' lang='lat' dir='ltr'>maiores</span> <span class='ocrx_word' id='word_1_213' title='bbox 507 1831 707 1866; x_wconf 79' lang='lat' dir='ltr'>seditiones</span> <span class='ocrx_word' id='word_1_214' title='bbox 722 1831 759 1865; x_wconf 94' lang='lat' dir='ltr'><strong><em>P</em></strong></span> <span class='ocrx_word' id='word_1_215' title='bbox 774 1842 864 1866; x_wconf 78' lang='lat' dir='ltr'>corr.</span> <span class='ocrx_word' id='word_1_216' title='bbox 876 1831 1066 1867; x_wconf 77' lang='lat' dir='ltr'>Auantius</span> <span class='ocrx_word' id='word_1_217' title='bbox 1140 1835 1182 1866; x_wconf 83' lang='lat'>18</span> <span class='ocrx_word' id='word_1_218' title='bbox 1205 1832 1371 1876; x_wconf 81' lang='lat' dir='ltr'>spectato</span> 
     </span>
     <span class='ocr_line' id='line_1_31' title="bbox 29 1878 1028 1923; baseline 0 -10"><span class='ocrx_word' id='word_1_219' title='bbox 29 1879 65 1913; x_wconf 90' lang='lat' dir='ltr'><strong><em>P</em></strong></span> <span class='ocrx_word' id='word_1_220' title='bbox 86 1890 176 1915; x_wconf 77' lang='lat' dir='ltr'>corr.</span> <span class='ocrx_word' id='word_1_221' title='bbox 204 1880 335 1923; x_wconf 75' lang='lat' dir='ltr'>Peiper</span> <span class='ocrx_word' id='word_1_222' title='bbox 357 1882 362 1922; x_wconf 88' lang='grc' dir='ltr'>Ι</span> <span class='ocrx_word' id='word_1_223' title='bbox 391 1878 590 1923; x_wconf 85' lang='lat' dir='ltr'>sententia]</span> <span class='ocrx_word' id='word_1_224' title='bbox 617 1882 696 1912; x_wconf 73' lang='lat' dir='ltr'>Sina</span> <span class='ocrx_word' id='word_1_225' title='bbox 721 1878 758 1911; x_wconf 91' lang='lat' dir='ltr'><strong><em>P</em></strong></span> <span class='ocrx_word' id='word_1_226' title='bbox 781 1881 785 1922; x_wconf 66' lang='grc' dir='ltr'>Ι</span> <span class='ocrx_word' id='word_1_227' title='bbox 816 1880 962 1923; x_wconf 76' lang='lat' dir='ltr'>ytacam</span> <span class='ocrx_word' id='word_1_228' title='bbox 992 1880 1028 1913; x_wconf 92' lang='lat' dir='ltr'><strong><em>P</em></strong></span> 
     </span>
    </p>
   </div>
   <div class='ocr_carea' id='block_1_9' title="bbox 1401 582 1420 611">
    <p class='ocr_par' dir='ltr' id='par_1_10' title="bbox 1401 582 1420 611">
     <span class='ocr_line' id='line_1_32' title="bbox 1401 582 1420 611; baseline 0 0"><span class='ocrx_word' id='word_1_229' title='bbox 1401 582 1420 611; x_wconf 83' lang='lat'>5</span> 
     </span>
    </p>
   </div>
   <div class='ocr_carea' id='block_1_10' title="bbox 1401 874 1439 904">
    <p class='ocr_par' dir='ltr' id='par_1_11' title="bbox 1401 874 1439 904">
     <span class='ocr_line' id='line_1_33' title="bbox 1401 874 1439 904; baseline 0.026 -1"><span class='ocrx_word' id='word_1_230' title='bbox 1401 874 1439 904; x_wconf 87' lang='lat'>10</span> 
     </span>
    </p>
   </div>
   <div class='ocr_carea' id='block_1_11' title="bbox 1398 1459 1442 1489">
    <p class='ocr_par' dir='ltr' id='par_1_12' title="bbox 1398 1459 1442 1489">
     <span class='ocr_line' id='line_1_34' title="bbox 1398 1459 1442 1489; baseline 0.023 -1"><span class='ocrx_word' id='word_1_231' title='bbox 1398 1459 1442 1489; x_wconf 77' lang='lat'>‘20</span> 
     </span>
    </p>
   </div>
  </div>
 </body>
</html>
