1563 2511
606 78 812 120 —300
878 102 926 107 ——

100 183 200 225 Otia
233 186 380 225 amant
413 185 723 238 strepitumque
756 184 839 226 fori
871 198 1096 239 rerumque
1128 184 1338 226 tumultus

99 240 348 297 Cunctaque
381 242 536 284 diuinis
569 243 743 284 inimica
773 243 950 298 negotia
981 243 1122 297 donis,

97 301 157 343 Et
188 300 350 343 Christi
380 301 574 356 imperiis
606 305 649 343 et
682 316 826 343 amore
859 302 1029 355 salutis,
1061 302 1296 343 abhorrent

99 358 267 414 Speque
298 360 463 416 fideque
496 360 622 402 deum
654 375 812 414 sponsa
844 360 1035 402 mercede
1069 363 1325 414 sequuntur,

99 417 235 467 Quam
267 419 424 461 referet
454 422 593 460 certus
625 433 712 460 non
744 419 1069 474 desperantibus
1103 422 1268 473 auctor,
1379 428 1448 461 170

99 476 144 518 Si
175 477 304 520 modo
334 491 424 519 non
454 477 630 519 uincant
662 478 808 519 uacuis
840 478 1088 533 praesentia
1118 478 1264 531 rebus,

99 534 298 590 Quaeque
329 535 449 578 uidet
482 540 675 591 spernat,
707 551 815 590 quae
847 552 932 578 non
963 537 1082 578 uidet
1113 539 1161 578 ut
1191 538 1406 578 mereatur

99 592 273 636 Secreta
304 595 469 650 ignitus
501 598 732 649 penetrans
765 595 968 637 caelestia
1001 610 1164 637 sensus.

97 652 296 707 Namque
329 654 488 695 caduca
517 656 669 708 patent
699 655 879 708 nostris,
910 657 1086 696 aeterna
1116 656 1330 709 negantur

97 711 276 753 Visibus
297 716 340 754 et
359 727 471 753 nunc
493 727 567 766 spe
588 713 817 766 sequimur,
841 713 954 767 quod
974 716 1117 754 mente
1137 713 1345 766 uidemus,
1380 722 1446 753 175

100 768 359 825 Spernentes
392 771 553 826 uarias,
585 786 727 812 rerum
760 772 1022 825 spectacula,
1054 771 1216 813 formas

97 828 156 871 Et
189 830 300 870 male
333 844 561 884 corporeos
594 830 709 871 bona
740 830 1024 872 sollicitantia
1055 831 1185 871 uisus.

98 889 306 929 Attamen
338 888 444 930 haec
477 888 636 930 sedisse
668 888 754 930 illis
788 889 1002 930 sententia
1033 889 1127 930 uisa
1160 892 1241 943 est,

99 946 209 988 Tota
242 947 396 1001 quibus
429 947 516 989 iam
548 948 621 988 lux
652 948 812 1002 patuit,
845 948 1020 1002 uerique
1052 948 1259 1003 bonique,

97 1004 282 1046 Venturi
314 1009 539 1048 aeternum
571 1006 702 1048 saecli
736 1009 778 1048 et
809 1007 1050 1060 praesentis
1082 1008 1220 1048 inane.
1381 1017 1448 1048 180

97 1064 158 1105 At
190 1064 314 1117 mihi,
345 1079 431 1106 non
464 1065 611 1106 eadem
644 1066 711 1107 cui
743 1066 900 1121 gloria,
932 1080 1006 1107 cur
1038 1066 1185 1106 eadem
1219 1066 1276 1106 sit

97 1122 262 1164 Fama?
296 1123 400 1165 fides
433 1124 527 1165 uoti
558 1139 638 1179 par
670 1127 753 1178 est,
786 1125 860 1166 sed
893 1139 1074 1166 amoena
1106 1125 1280 1175 colenti,

97 1180 223 1223 Nunc
257 1182 388 1223 etiam
421 1185 464 1224 et
493 1183 656 1224 blanda
688 1184 830 1236 posito
863 1183 1089 1238 locupletis
1121 1184 1165 1224 in
1199 1187 1295 1225 acta

97 1239 277 1294 Litoris,
309 1241 419 1282 uude
451 1241 558 1283 haec
590 1242 676 1283 iam
710 1246 801 1283 tam
833 1242 1039 1283 festinata
1070 1243 1261 1283 locorum

97 1298 269 1340 Inuidia
300 1299 394 1341 est?
425 1301 593 1342 utinam
626 1301 763 1342 iustus
797 1316 863 1342 me
896 1315 1070 1355 carpere
1103 1301 1214 1342 liuor
1381 1311 1446 1343 185

96 1357 301 1412 Incipiat,
335 1357 495 1400 Christi
527 1359 605 1401 sub
638 1359 809 1401 nomine
841 1360 1000 1414 probra
1031 1360 1273 1413 placebunt.

97 1415 199 1458 Non
230 1417 396 1471 patitur
428 1421 624 1459 tenerum
655 1432 775 1459 mens
806 1419 981 1460 numine
1013 1418 1136 1459 firma
1169 1419 1392 1474 pudorem,

97 1475 157 1517 Et
188 1476 282 1517 laus
315 1476 386 1518 hic
419 1479 668 1531 contempta
699 1476 810 1518 redit
842 1477 949 1518 mihi
981 1477 1119 1519 iudice
1152 1476 1339 1520 Christo.

197 1631 264 1662 166
291 1629 418 1662 ament
443 1629 483 1661 H
503 1627 506 1672 Ι
530 1628 706 1672 strepitus
732 1628 792 1662 P?
892 1632 958 1664 167
986 1628 1137 1673 negatio
1165 1631 1203 1663 H
1291 1632 1357 1664 168
1383 1629 1450 1664 im·

98 1673 193 1718 perii
221 1675 283 1719 ΡΙ
317 1675 493 1709 aboi-rent
526 1674 573 1708 Vl
671 1679 738 1710 169
767 1675 886 1719 Seque
913 1676 941 1710 S
968 1677 972 1719 Ι
1008 1676 1095 1709 dum
1123 1676 1160 1710 P
1192 1676 1195 1721 Ι
1234 1688 1365 1720 sequui
1390 1678 1451 1711 tur

99 1723 253 1765 (ineerta
279 1726 363 1757 ante
387 1724 404 1756 t
430 1722 565 1765 littera,
590 1733 665 1756 ‘non
690 1722 703 1756 i
727 1734 791 1758 nec
812 1725 843 1767 c)
871 1725 910 1757 H
983 1726 1050 1758 170
1077 1723 1351 1767 disperantibus
1376 1723 1454 1758 VH

99 1769 403 1813 desperanctibus
422 1769 455 1802 P
476 1772 480 1812 Ι
503 1768 627 1804 auctor
652 1768 686 1804 V
756 1774 821 1805 171
849 1770 1038 1814 presentia
1064 1770 1141 1805 VH
1214 1774 1281 1804 173
1307 1781 1372 1806 om.
1389 1770 1446 1816 ΡΙ

98 1815 234 1860 ignitvs
261 1816 298 1860 (v
324 1817 387 1861 αῖ.)
419 1815 475 1858 Vl
499 1816 653 1851 celestia
680 1816 756 1851 VH
853 1821 920 1852 174
945 1818 1141 1862 naegantur
1166 1819 1206 1852 H
1301 1821 1367 1853 175
1395 1829 1451 1853 se-

99 1862 224 1907 quitur
250 1864 290 1896 H
315 1865 320 1907 Ι
355 1874 426 1907 quo
460 1863 495 1899 V
520 1863 524 1909 Ι
558 1865 684 1899 monte
710 1864 747 1898 ui
775 1864 903 1899 demus
930 1867 968 1898 Π
1065 1867 1131 1899 178
1157 1864 1334 1899 adtamen
1366 1864 1413 1901 V¹
1444 1866 1447 1910 Ι

98 1910 190 1944 haec
217 1909 356 1945 sedisse
376 1909 451 1945 illis
473 1910 678 1946 Pulnzcmni
696 1922 808 1956 marga.
834 1912 838 1955 Ι
863 1913 955 1946 inter
980 1912 1073 1947 haec
1095 1909 1144 1955 (fi)
1170 1915 1201 1946 et
1221 1911 1294 1946 illis
1315 1913 1452 1947 lacuna

98 1957 172 1999 fere
198 1961 218 1991 6
247 1957 313 1993 litt.
342 1957 495 2001 (sedisse
522 1961 602 2002 om.)
628 1958 665 1993 P
695 1958 787 1993 haec
818 1958 894 1994 illis
921 1958 980 1993 edi
1007 1961 1046 1992 Π
1056 1958 1104 1993 V‘-'
1131 1958 1229 2002 (aedi
1262 1958 1324 2003 V1)
1357 1959 1450 1994 haec

98 2026 173 2062 illis
188 2027 446 2072 aedisseS(cf.
460 2028 545 2062 adn.
558 2029 668 2072 adep.
681 2028 897 2073 XXVII5)
921 2031 926 2073 Ι
956 2009 1129 2064 stgfltiaH
1196 2033 1263 2064 180
1285 2030 1453 2064 saecliH

100 2073 238 2109 saeculi
265 2074 293 2110 S
324 2071 403 2109 scl’i
433 2074 509 2108 VP
535 2075 540 2121 Ι
574 2074 701 2121 inane]
728 2075 763 2109 in
792 2079 863 2110 anfi
890 2078 919 2110 S
1017 2081 1080 2111 181
1109 2076 1231 2117 ¹cloria
1257 2077 1336 2122 cur]
1369 2076 1449 2121 glo-

99 2121 215 2157 riatur
241 2121 270 2156 S
311 2121 418 2167 goria
444 2133 529 2156 cure
555 2122 740 2167 adempsit
765 2125 805 2156 H
903 2127 967 2158 182
996 2124 1068 2169 set]
1102 2123 1137 2158 V
1166 2125 1170 2167 1
1211 2134 1344 2158 amena
1369 2123 1407 2158 P

100 2172 166 2203 183
194 2169 325 2203 Nnunc
352 2171 391 2203 H
463 2171 530 2203 184
556 2169 687 2205 lotoris
718 2169 765 2204 V¹
790 2170 928 2204 littoris
955 2170 983 2204 S
1005 2171 1009 2215 Ι
1038 2169 1148 2205 undis
1174 2172 1202 2204 S
1223 2172 1229 2215 Ι
1250 2170 1344 2205 itam
1369 2172 1448 2205 tam

98 2217 138 2249 H
222 2218 289 2251 185
314 2216 411 2251 libor
443 2215 490 2251 V¹
589 2219 656 2251 186
692 2218 810 2261 proba
836 2219 874 2250 H
972 2221 1037 2252 187
1071 2220 1237 2253 tenorem
1264 2217 1301 2252 P
1337 2219 1342 2262 Ι
1381 2229 1447 2252 nu-

97 2262 213 2309 mine]
252 2263 378 2298 inueni
404 2263 441 2297 P
470 2262 597 2298 nomin
624 2263 652 2297 S
678 2264 683 2307 Ι
722 2264 919 2308 pudorem:
947 2276 970 2309 p
998 2275 1042 2299 ex
1067 2265 1089 2299 d
1110 2276 1171 2309 pr.
1198 2274 1288 2300 corr.
1317 2266 1357 2298 H

100 2313 166 2345 188
193 2310 278 2345 hinc
305 2311 482 2346 Heinsius
516 2312 520 2354 Ι
554 2310 666 2345 rediit
692 2310 728 2344 P
