1563 2511
639 58 956 99 —373—

123 163 288 204 ratione
315 163 562 216 cernebant,
595 162 707 217 quod
733 163 1016 205 meminerant
1041 165 1210 218 lectum,
1236 165 1322 219 legi
1341 179 1466 218 posse
1487 178 1539 204 505

123 223 373 263 metuentes.
429 221 530 275 quid
561 223 622 275 te,
654 221 888 275 imperator
914 222 1129 277 Auguste,
1161 223 1469 278 indulgentius,

124 280 223 334 quid
255 282 398 334 potest
430 294 521 321 esse
552 280 819 321 consultius?
853 295 960 334 quae
993 282 1106 322 bona
1137 285 1350 336 praestas,
1383 282 1467 323 effi-

122 339 200 389 013,
239 353 291 379 110
323 338 480 380 caduca
518 339 622 379 sint:
663 353 771 392 quae
809 339 925 380 mala
965 340 1136 394 adimis,
1172 341 1383 394 prospieis
1416 355 1468 382 ne

55 408 97 439 75
124 398 291 451 possint
317 411 409 438 esse
435 397 634 438 recidiua.
682 397 788 439 haee
813 398 1151 452 prouincialibus
1178 400 1468 454 indulgentiae

122 457 246 498 bona.
309 456 410 510 quid
447 456 523 497 illa
560 457 709 497 nostro
751 456 919 497 ordini?
966 457 1065 511 quid
1109 457 1184 498 illa
1228 458 1467 499 militibus?
1487 472 1538 497 510

123 515 440 556 Antoninorum
473 515 643 569 cognita
680 514 763 556 fuit
795 518 836 556 et
867 515 954 556 iam
986 519 1084 557 ante
1117 515 1468 558 Germanicorum

121 574 165 614 in
197 574 371 616 cohorte
404 574 638 614 amicorum
671 576 713 614 et
744 574 986 628 legionibus
1020 574 1242 616 familiaris
1274 575 1467 617 humani-

120 635 199 674 tas.
251 632 326 673 sed
357 646 435 687 ego
468 633 568 674 nolo
600 633 946 674 beneuolentiam
977 635 1098 674 tuam
1131 634 1309 675 aliorum
1341 635 1468 675 colla-

0 702 132 727 ΞΧΧΙΠΙ
169 692 285 733 tione
311 691 580 745 praecellere.
621 692 843 733 abundant
868 692 913 732 in
939 695 981 733 te
1008 707 1058 734 ea
1083 692 1290 734 bonitatis
1319 696 1361 734 et
1385 693 1468 734 uir-

49 1349 91 1379 77

120 751 226 792 tutis
272 750 484 804 exempla,
530 764 636 805 quae
677 751 795 805 sequi
838 752 982 805 cupiat
1020 754 1202 794 uentura
1239 752 1468 806 posteritas
1488 767 1539 793 515

121 813 181 863 et,
221 809 256 850 si
288 823 431 850 rerum
462 811 618 850 natura
649 812 887 864 pateretur,
930 810 1114 851 adscribi
1148 811 1228 852 sibi
1260 810 1470 852 uoluisset

121 868 370 922 antiquitas.

208 926 348 968 XVII.
392 925 577 968 Necesse
622 929 687 968 est
725 929 871 968 tamen
916 927 1076 982 aliquid
1120 927 1378 982 comparari,
1422 931 1469 968 ut

120 986 260 1040 possit
297 985 512 1039 intellegi,
557 986 670 1027 bona
706 989 856 1027 nostra
895 1001 977 1041 quo
1015 988 1246 1041 praestent.
1307 986 1469 1042 Aegro-

119 1048 260 1085 tantes
288 1045 448 1086 amieos
479 1044 689 1086 Traianus
716 1045 853 1086 uisere
881 1045 1066 1086 solebat:
1101 1045 1308 1086 haetenus
1341 1046 1386 1086 in
1419 1059 1466 1086 eo
1487 1061 1540 1085 520

120 1103 299 1145 comitas
339 1103 628 1157 praedicanda
660 1105 735 1144 est.
797 1106 845 1144 tu
877 1106 919 1144 et
949 1105 1087 1145 uisere
1121 1104 1275 1145 solitus
1310 1106 1352 1145 et
1383 1118 1470 1145 me-

120 1163 209 1204 deri
235 1163 415 1217 praebes
445 1162 685 1216 ministros,
717 1162 894 1203 instruis
921 1163 1056 1217 cibos,
1081 1162 1272 1204 fomenta
1299 1163 1469 1217 dispen-

121 1237 207 1275 sas,
241 1224 461 1275 sumptum
494 1221 626 1262 adicis
658 1221 957 1276 medellarum,
998 1221 1234 1263 consolaris
1268 1221 1471 1272 adfectos,

118 1280 483 1321 renaleseentibus
523 1280 768 1335 gratularis.
830 1281 874 1321 in
908 1283 1013 1335 quot
1049 1280 1142 1321 uias
1179 1281 1228 1321 de
1261 1295 1346 1322 una
1379 1281 1469 1321 eius

118 1339 386 1380 humanitate
435 1339 727 1393 progrederis!
777 1339 1021 1394 legionibus
1064 1339 1293 1394 uniuersis,
1337 1342 1384 1380 ut
1427 1340 1470 1380 in
1491 1355 1542 1382 525

119 1398 334 1440 communi
359 1397 500 1438 Marte
528 1398 687 1450 euenit,
722 1397 758 1438 si
791 1397 892 1452 quid
925 1398 1094 1439 aduersi
1121 1399 1349 1452 acciderat,
1383 1398 1471 1438 uidi

116 1460 158 1498 te
186 1457 412 1498 circumire
440 1457 642 1511 tentoria,
669 1456 800 1498 esatin
822 1457 967 1498 saluae
979 1457 1015 1497 ‘?'
1044 1472 1257 1511 quaerere,
1282 1460 1470 1498 tractare

214 1599 281 1630 519
317 1595 362 1630 cf.
386 1596 541 1639 Eutrop.
561 1595 647 1629 VIII
667 1600 689 1629 4
716 1596 854 1630 amicos
883 1596 1071 1631 salutandi
1098 1607 1208 1631 eausa
1232 1597 1470 1639 frequentans

117 1643 178 1677 uel
206 1644 459 1688 aegrotantes.

116 1773 184 1817 tia)
215 1772 248 1807 T
271 1783 352 1806 011111
380 1772 526 1806 iuuatia
552 1772 597 1806 de
624 1772 742 1806 ratioe
764 1771 796 1805 G
823 1782 905 1806 eum
931 1772 1081 1807 uiuacia
1107 1773 1151 1806 de
1177 1772 1320 1807 ratione
1348 1772 1422 1806 M?

117 1824 184 1854 505
213 1819 452 1853 udaiei-atione
486 1818 651 1863 Vnyerus
683 1820 688 1862 Ι
722 1829 830 1862 posse
856 1820 1064 1853 metuentes
1091 1819 1295 1862 Baehrens,
1321 1820 1472 1864 possent

116 1868 155 1900 et
179 1868 326 1900 ueteres
354 1867 392 1910 (n
407 1877 467 1910 pr.
488 1867 547 1909 ss.)
573 1865 605 1899 Τ
626 1875 752 1909 posse3
775 1877 796 1899 τ
816 1867 962 1900 ueteres
985 1867 1034 1900 M
1056 1877 1164 1910 posse
1191 1868 1228 1901 et
1252 1867 1396 1901 ueteres
1420 1866 1469 1901 G:

116 1915 262 1948 ueteres
295 1924 339 1948 ex
371 1915 502 1947 nentes
533 1913 626 1947 male
657 1913 832 1947 intellecto
865 1914 1064 1957 conpendio
1089 1917 1236 1956 ozatum,·
1274 1915 1312 1947 et
1343 1912 1471 1957 (etiam

117 1961 331 2003 Adrianus,
365 1960 478 1994 etiam
503 1961 593 1994 tunc
623 1959 719 2002 Tell,
747 1961 784 1993 et
808 1960 888 1994 tum
914 1960 1080 2004 Schenkl)
1106 1961 1276 1995 uerentes
1303 1961 1423 1995 Aldus

118 2011 185 2043 509
211 2007 364 2042 recidua
393 2007 425 2040 Τ
460 2006 626 2041 recidiua
653 2006 686 2041 G
722 2006 891 2040 rediuiua
919 2007 967 2041 M
1062 2011 1130 2042 510
1156 2007 1297 2053 nostro]
1329 2008 1395 2041 1110
1425 2007 1473 2040 M

164 2058 231 2089 511
255 2054 406 2098 cognita
422 2054 554 2097 Peiper
581 2053 736 2088 comitas
752 2054 785 2087 Z
805 2054 810 2098 Ι
833 2055 920 2088 ante
947 2054 1099 2089 Schenkl
1123 2055 1210 2089 inde
1232 2055 1265 2088 Z
1339 2058 1406 2089 512
1432 2055 1471 2087 111

117 2101 267 2136 cohorte
295 2101 447 2135 Schenkl
472 2100 509 2134 in
536 2111 602 2135 om.
623 2101 658 2134 Z
727 2104 796 2135 514
822 2101 1023 2145 percellere
1050 2101 1136 2138 Toll.
1161 2103 1166 2146 Ι
1199 2102 1419 2136 habundant
1440 2101 1474 2134 Z

164 2152 231 2183 515
259 2147 380 2193 sequi]
409 2148 515 2191 siqua
543 2148 592 2181 M
663 2151 731 2182 516
759 2148 914 2182 asscribi
944 2149 975 2182 T

210 2194 309 2228 XVI]
340 2197 406 2228 519
433 2194 597 2240 intelligi
622 2195 656 2228 Z
740 2199 808 2229 520
833 2196 1010 2239 trayanus
1038 2196 1086 2229 M
1166 2199 1234 2230 523
1262 2195 1392 2229 adiieis
1418 2194 1439 2237 f
1463 2195 1466 2240 l

113 2242 343 2277 medelarum
361 2242 463 2281 TMJ
486 2241 668 2286 adfectos]
686 2242 734 2276 M
805 2245 872 2276 524
894 2242 1002 2288 quot]
1023 2242 1122 2286 quod
1139 2243 1188 2276 M
1259 2246 1326 2277 520
1347 2243 1464 2276 marte

115 2289 165 2323 M
257 2293 323 2323 527
352 2289 465 2335 satin]
493 2288 600 2324 satiri
626 2289 676 2322 M
