1563 2511
659 70 978 112 —165—

148 177 250 220 Non
281 177 412 219 denso
447 177 499 218 ad
530 179 693 218 terram
726 176 853 229 lapsu
885 175 1126 228 glomerata
1158 175 1253 216 fluit
1410 174 1495 216 nix·

113 249 129 274 5
148 236 324 278 Florum
357 235 493 290 spirat
527 235 647 288 odor,
678 233 832 275 Libani
867 248 941 275 ceu
974 235 1132 275 montis
1163 234 1302 276 honor
1413 235 1496 274 tus.

152 294 262 347 [Iam
293 295 447 350 pelago
480 293 637 335 uolitat
669 294 882 334 mercator
912 292 1134 334 uestifiuus
1396 293 1495 342 SER]

79 471 155 502 [347]
219 457 296 492 XII.
333 457 428 492 PER
453 454 926 491 INTERROGATIONEM
951 454 1012 488 ET
1037 453 1425 490 RESPONSIONEM.

148 552 251 602 Quis
285 552 402 593 subit
432 552 477 593 in
509 566 693 606 poenam
726 550 901 604 capitali
932 548 1124 591 iudicio?
1411 564 1497 602 uas·

147 611 258 660 Quid
292 611 328 652 si
360 611 413 652 lis
446 610 578 651 fuerit
607 610 871 663 nummaria,
903 608 996 663 quis
1030 607 1234 650 dabitur?
1360 621 1498 664 praes·

114 690 116 692 ·
146 669 251 719 Quis
285 669 538 711 mirmilloni
571 668 873 711 contenditur?
907 667 1184 722 aequimanus
1319 665 1498 721 Thraex·

145 727 264 769 Inter
295 729 479 770 uirtutes
513 728 627 783 quod
659 742 817 769 nomen
850 726 1091 768 Mercurio?
1418 723 1499 780 fur·

109 800 125 825 5
147 786 355 828 Turibula
388 789 430 828 et
460 790 652 842 paterae,
685 800 793 841 quae
825 786 953 826 tertia
984 800 1089 826 uasa
1123 783 1278 826 deum?
1386 783 1498 839 lanx·

145 844 296 888 Cincta
328 846 437 887 mari
470 861 681 900 quaenam
714 846 843 886 tellus
877 846 995 886 creat
1021 841 1361 897 Hippocratem?
1425 840 1497 899 Co·

144 903 257 946 Grex
290 905 428 959 magis
462 919 516 946 an
549 918 731 959 regnum
764 902 957 944 Minoida
991 901 1226 944 sollicitat?
1381 913 1497 957 grex·

145 963 256 1012 Quid
288 966 460 1017 praeter
491 964 649 1005 nubem
684 957 949 1004 Phaeacibus
982 960 1252 1015 inpositum?
1362 973 1498 1019 mons⁸

143 1021 225 1063 Dic
258 1024 455 1064 cessante
489 1022 582 1064 cibo
617 1036 766 1064 somno
801 1021 896 1075 quis
931 1020 1114 1074 opimior
1147 1019 1241 1061 est?
1404 1017 1485 1072 glis

90 1093 123 1119 10
143 1080 333 1135 Tergora
367 1081 433 1122 dic
466 1081 614 1135 clipeis
649 1079 926 1122 accommoda
958 1093 1066 1133 quae
1100 1078 1262 1120 faciat?
1388 1072 1496 1131 glus'

144 1137 305 1193 Sponte
340 1140 519 1181 ablatiui
552 1155 674 1182 casus
709 1138 804 1193 quis
837 1140 978 1179 rectus
1013 1137 1123 1179 erit?
1357 1130 1498 1189 spons‘

144 1197 395 1252 Quadrupes
429 1199 646 1240 oscinibus
681 1197 775 1253 quis
809 1197 1004 1252 iungitur
1036 1194 1270 1250 auspiciis?
1390 1190 1498 1234 mus’

143 1256 253 1305 Quid
285 1257 427 1298 fluitat
458 1258 632 1313 pelago,
667 1255 781 1311 quod
814 1270 901 1297 non
933 1258 1057 1296 natat
1088 1255 1134 1296 in
1165 1252 1325 1295 fluuio?
1413 1251 1498 1306 pix'

141 1314 344 1357 Bissenas
379 1319 524 1369 partes
558 1317 652 1370 quis
686 1314 879 1357 continet
912 1313 1196 1368 aequipares?
1441 1312 1499 1351 as'

88 1393 121 1418 15
141 1374 287 1416 Tertia
320 1374 503 1416 defuerit
535 1375 572 1416 si
604 1374 767 1429 portio,
800 1373 902 1428 quid
934 1372 1178 1428 reliquum?
1412 1370 1487 1411 bes

235 1513 303 1547 XII
329 1517 350 1547 8
376 1513 524 1548 Homer.
552 1513 617 1548 Od.
643 1512 729 1547 VIII
756 1516 823 1547 569

237 1564 280 1595 12
306 1560 400 1594 Plin.
426 1572 460 1595 n.
487 1561 522 1595 h.
550 1560 636 1594 VIII
661 1564 728 1595 221

237 1693 280 1724 98
307 1690 413 1725 labsu
447 1689 481 1723 V
505 1689 510 1733 Ι
542 1687 617 1723 ruit
640 1688 691 1723 M
762 1692 805 1724 99
834 1688 953 1733 spirat
980 1688 1006 1731 (i
1032 1698 1074 1722 ex
1103 1689 1161 1729 ΒΡ)
1193 1686 1227 1721 V
1251 1688 1255 1731 Ι
1287 1686 1372 1720 thus
1400 1684 1433 1719 T

144 1740 211 1772 100
238 1737 369 1782 Zeyitur
395 1737 436 1772 in
463 1735 550 1779 GZ,
577 1747 641 1771 om.
672 1735 718 1770 V:
744 1737 789 1779 cf.
818 1739 868 1772 92
895 1739 927 1771 et
952 1738 1022 1770 113

1524 301 1563 333 10

1527 793 1563 825 lC

1526 1086 1563 1117 11

1528 1379 1563 1410 1]

236 1795 304 1830 XII
330 1808 367 1830 XI
385 1806 500 1840 marg).
515 1795 550 1830 V
567 1797 572 1839 Ι
593 1795 762 1840 interro-g
775 1794 810 1830 V
827 1796 831 1839 Ι
849 1794 1145 1840 sresponsioneffs
1158 1793 1205 1828 V¹
1257 1796 1322 1827 101
1336 1802 1457 1836 poena
1471 1790 1504 1825 V
1520 1792 1563 1836 V,

144 1846 209 1877 102
238 1842 320 1887 quis
336 1843 369 1877 G
390 1844 395 1885 1
419 1843 465 1888 si]
494 1853 578 1877 cum
600 1842 672 1877 ΟΖ
691 1844 696 1888 Ι
721 1842 869 1878 dauitur
894 1841 940 1876 Vl
963 1843 968 1886 Ι
991 1854 1073 1875 PREs
1093 1841 1123 1876 Ο
1186 1844 1251 1876 103
1273 1838 1457 1874 mimiloni
1473 1837 1503 1873 G

140 1889 343 1924 mii-miloni
362 1889 395 1924 T
413 1891 419 1935 Ι
440 1889 550 1924 thrax
571 1889 618 1925 Vl
644 1890 756 1925 thrux
777 1889 826 1925 V2
853 1901 967 1924 THREX
988 1888 1019 1924 O
1040 1888 1141 1923 thres
1158 1888 1192 1921 Z
1265 1890 1332 1921 104
1358 1885 1498 1920 uirtute

142 1949 230 1993 quid
255 1950 273 1982 κ
343 1952 410 1984 105
436 1947 631 1984 thuribula
650 1948 721 1984 ΤΘ
747 1948 933 1984 turribula
957 1951 975 1982 λ
998 1949 1004 1992 1
1033 1948 1188 1992 paterne
1211 1945 1254 1980 0¹
1277 1946 1281 1989 l
1305 1936 1366 1980 1532<
1398 1944 1432 1978 V

142 2000 209 2030 106
237 1995 338 2030 cinta
363 1998 381 2030 λ
405 1996 410 2040 Ι
433 2007 617 2040 quaenam
643 2006 708 2031 om.
737 1999 755 2030 λ
779 1997 784 2042 Ι
815 1995 927 2030 tellus
948 2006 1007 2040 pr.
1035 2005 1079 2030 ss.
1110 1994 1143 2027 T
1163 1994 1167 2038 Ι
1203 1994 1433 2037 ippooretem
1467 1991 1501 2025 V

139 2042 371 2088 ippocratem
389 2042 419 2077 G
440 2044 687 2087 ypocratemz
711 2044 716 2087 Ι
740 2043 808 2089 Co]
831 2044 898 2078 cho
912 2042 945 2078 G
972 2052 1034 2076 eos
1049 2042 1136 2076 Par.
1202 2044 1268 2074 107
1285 2038 1451 2074 solicitat
1468 2038 1501 2071 T

190 2116 257 2148 108
283 2114 407 2157 preter
433 2113 567 2157 VOT!
597 2096 774 2159 pha501bs
800 2114 888 2157 (pha
914 2114 954 2147 in
979 2124 1072 2156 ras„
1100 2123 1118 2145 c
1144 2111 1229 2152 del„
1254 2112 1270 2144 t
1295 2120 1340 2144 ss.
1369 2109 1430 2151 αῖ.)
1463 2107 1497 2141 V

140 2159 343 2204 pheacibus
366 2159 475 2195 OTG-
498 2160 502 2207 Ι
524 2160 744 2206 inpositum]
767 2160 840 2196 VO
901 2164 967 2195 110
989 2159 1116 2203 clipeis
1138 2171 1160 2202 q
1182 2168 1255 2192 aec.
1278 2160 1315 2200 (q
1335 2156 1415 2197 del.)
1434 2154 1467 2188 T
1486 2168 1489 2199 j

142 2206 343 2242 accomoda
376 2207 410 2241 V
438 2209 443 2251 Ι
478 2208 567 2252 glux
597 2207 753 2252 Vprob.
775 2208 939 2251 Scalifser
965 2210 1002 2248 2,
1022 2209 1070 2241 21
1148 2209 1211 2238 111
1241 2202 1395 2238 ablatibi
1427 2201 1460 2234 V
1486 2202 1488 2216 ¹

142 2253 204 2297 qui
237 2254 272 2288 V
341 2265 376 2289 u.
406 2258 471 2288 112
501 2265 566 2290 om.
589 2255 624 2288 Z
650 2260 651 2296 Ι
683 2253 841 2300 auspicii
870 2253 900 2288 C'
973 2258 1038 2287 113
1066 2253 1146 2296 quis
1174 2252 1208 2285 Z
1242 2253 1246 2294 Ι
1282 2252 1369 2283 nata
1402 2248 1437 2281 V

144 2304 210 2334 115
237 2301 300 2335 bes
326 2311 390 2336 om.
423 2300 470 2335 V¹
500 2302 597 2344 (add.
625 2303 670 2336 cd.
698 2303 804 2347 myro
831 2301 972 2344 colore),
999 2312 1051 2334 ms
1080 2300 1109 2334 C
