1563 2511
619 59 904 100 -41-

92 166 205 221 Cape
237 180 413 207 munera
443 165 587 206 tristia
617 166 808 219 patrum,

89 225 383 267 Lacrimabilis
417 238 514 265 orsa
546 224 775 278 querellae,

92 285 208 334 Quae
240 283 414 325 funereo
447 282 668 324 modulatu

91 342 188 384 Tibi
220 344 408 383 maestus
442 341 673 383 avunculus
706 341 842 382 offert.

0 450 1 455 Ἰ
26 484 101 514 [177]
141 469 270 505 XVIII.
308 468 375 504 FL.
403 468 619 503 SANCTVS
644 467 860 502 MARITVS
887 467 1231 502 PVDENTILLAE
1260 466 1388 510 QVAE

480 515 640 550 SOROR
666 514 873 550 SABINAE
899 514 1045 549 MEAE.

94 601 175 651 Qui
207 600 301 642 ioca
332 600 626 654 laetitiamque
659 601 780 653 colis,
814 600 886 654 qui
917 599 1064 640 tristia
1097 599 1273 640 damnas

151 659 242 701 Nec
275 660 429 700 metuis
464 673 721 713 quemquam
753 673 830 700 nec
863 657 1114 700 metuendus
1148 658 1259 712 agis⁷

93 718 175 768 Qui
206 718 372 759 nullum
404 718 574 759 insidiis
607 720 754 772 captas
786 732 863 759 nec
896 718 970 758 lite
1004 716 1197 769 lacessis,

150 776 232 819 Sed
263 777 421 818 iustam
454 779 497 817 et
528 777 713 818 clemens
746 777 880 817 uitam
914 777 1006 831 agis
1038 779 1079 816 et
1113 775 1301 830 sapiens:

93 835 366 890 Tranquillos
399 850 544 877 manes
578 850 861 889 supremaque
894 836 1018 876 mitia
1051 833 1196 876 Sancti
1417 845 1436 875 5

152 894 234 936 Ore
266 894 337 948 pio
371 897 414 935 et
444 894 587 936 uerbis
621 895 879 935 aduenerare
912 893 1048 935 bonis.

92 953 298 995 Militiam
329 953 447 994 nullo
481 954 553 1007 qui
586 953 755 994 turbine
789 953 960 994 sedulus
995 954 1101 1007 egit,

153 1012 352 1053 Praeside
384 1012 569 1053 laetatus
603 1027 684 1066 quo
717 1012 960 1066 Rutupinus
995 1025 1114 1066 ager,

96 1071 327 1125 Octoginta
360 1085 494 1113 annos
529 1071 647 1112 cuius
680 1071 913 1125 tranquilla
945 1072 1140 1111 senectus

152 1129 285 1170 Nullo
318 1130 504 1170 mutauit
536 1129 746 1171 deteriore
779 1130 858 1171 die.
1398 1140 1439 1171 10

92 1189 210 1242 Ergo
242 1202 415 1243 precare
446 1188 617 1241 fauens,
652 1190 699 1229 ut
731 1188 876 1242 qualia
906 1190 1101 1242 tempora
1131 1188 1263 1242 uitae,

153 1247 277 1288 Talia
309 1250 351 1288 et
384 1247 436 1288 ad
468 1261 614 1288 manes
648 1247 738 1288 otia
770 1246 952 1288 Sanctus
986 1249 1098 1301 agat.

24 1389 101 1419 [178]
309 1373 460 1408 XVIIII.
499 1373 658 1408 NAMIA
683 1373 996 1410 PVDENTILLA
1022 1374 1228 1409 ADFINIS.

94 1459 240 1513 Tuque
272 1458 557 1499 Pudentillam
589 1458 732 1500 uerbis
767 1458 911 1499 adfare
946 1458 1172 1513 supremis,

154 1518 272 1566 Quae
304 1517 442 1558 famae
476 1531 640 1569 curam,
672 1532 778 1571 quae
811 1517 1041 1572 probitatis
1074 1517 1219 1559 habes.

94 1576 266 1618 Nobilis
298 1575 419 1630 haec,
453 1576 584 1631 frugi,
615 1576 770 1630 proba,
802 1577 932 1630 laeta,
966 1576 1138 1631 pudica,
1171 1576 1341 1630 decora,

157 1633 416 1690 Coniugium
451 1634 596 1676 Sancti
628 1634 786 1690 iugiter
817 1635 922 1676 haec
954 1635 1117 1676 habuit.

192 1755 234 1784 16
260 1762 391 1785 munus
416 1750 523 1785 triste
550 1750 711 1795 Scaliyer
734 1754 766 1793 1,
781 1754 805 1786 8
828 1753 831 1793 Ι
854 1752 1002 1796 patrum
1031 1751 1164 1796 Peiper
1188 1753 1384 1796 parentum
1412 1751 1447 1786 V

97 1801 139 1832 17
166 1797 406 1832 lacrimauilis
440 1797 486 1832 V¹
522 1801 525 1842 1
563 1809 621 1832 ors
649 1798 684 1832 V
706 1809 787 1833 orsa
813 1798 974 1844 Scalz'yer
994 1802 1027 1842 1,
1048 1803 1072 1833 8
1159 1803 1202 1833 18
1229 1799 1380 1833 funereo
1401 1800 1444 1845 [ss

95 1844 307 1879 modulatus
347 1855 408 1879 ore
448 1848 503 1887 (em
534 1844 662 1879 funere
697 1846 816 1881 omod.
850 1846 912 1890 αἱ.)
951 1846 985 1881 V
1014 1857 1104 1881 corr.
1133 1845 1292 1880 Schenkl.
1338 1845 1441 1880 fune-

94 1903 196 1927 reum
222 1891 435 1926 modulatus
462 1892 625 1936 Scaliyer
652 1896 692 1936 1,
713 1897 736 1927 3
836 1896 877 1927 19
904 1894 1025 1928 metus
1053 1893 1087 1928 V
1109 1904 1199 1928 corr.
1226 1893 1399 1938 Lukqdzm.
1436 1893 1440 1939 Ι

95 1939 304 1984 auungulus
337 1939 372 1974 V

190 1997 309 2032 XVIII
349 2010 587 2032 PRVDENTJLLE
621 2002 659 2042 (1⁵x
691 2009 793 2032 soror
826 1998 1014 2045 sabineme
1047 1998 1082 2034 V
1114 2011 1148 2043 q.
1177 2000 1213 2042 (i.
1240 1999 1440 2043 quondam)

97 2056 236 2079 sonorus
260 2045 461 2079 Illommsen
534 2049 553 2078 2
576 2055 785 2089 quenquam
813 2045 847 2079 V
916 2050 938 2079 4
963 2044 1063 2080 iusta,
1088 2045 1123 2080 V
1145 2057 1234 2081 corr.
1250 2046 1412 2090 Sacili-[jer
1434 2046 1437 2091 Ι

98 2092 137 2126 et
161 2091 306 2136 sapiens
334 2092 496 2136 Scaliyer
517 2095 551 2135 1,
572 2100 595 2126 «Β
622 2093 659 2126 et
685 2103 749 2127 om.
773 2092 807 2126 V
900 2096 919 2126 5
946 2093 1070 2127 mittia
1103 2093 1138 2128 V
1161 2104 1249 2128 corr.
1278 2093 1440 2135 Scaliqer

99 2142 131 2180 1,
158 2143 182 2173 8
278 2143 298 2173 6
323 2138 403 2182 prio
437 2139 471 2173 V
494 2150 583 2174 corr.
610 2139 783 2183 Luydzm.
809 2142 812 2181 Ι
834 2139 959 2174 neruis
993 2140 1028 2175 V
1116 2145 1135 2174 7
1163 2141 1225 2184 qui
1252 2151 1315 2175 om.
1348 2140 1394 2174 V¹

98 2189 119 2220 8
144 2185 406 2230 rumptupinus
439 2186 474 2221 V
568 2190 587 2220 9
616 2187 809 2230 octuginta
842 2186 876 2221 V
972 2191 1011 2221 11
1040 2187 1167 2222 fabens
1202 2187 1236 2221 V

98 2294 119 2324 4
148 2243 329 2326 abX'tHVI
364 2248 381 2277 1
409 2244 531 2279 ueruis
564 2244 598 2279 V
693 2245 933 2290 2-pr0uitatis
960 2246 1047 2280 abes
1081 2245 1116 2280 V
1198 2249 1217 2279 3
1244 2244 1378 2279 nouilis
1411 2244 1446 2279 V

192 2302 230 2325 ui
