1563 2511
549 106 602 111 -
665 93 837 122 LXXXVI
900 105 956 109 —

79 190 208 231 etiam
235 188 467 230 Thadeus
487 187 758 243 Vgoletus,
791 187 863 242 qui
888 185 1070 228 Parmae
1091 189 1201 228 1499
1229 185 1424 239 (iterum-

81 263 161 303 que
207 248 383 290 Venetas
419 244 544 303 1501)
591 246 833 288 Ausonium
874 246 1031 300 praelis
1079 245 1271 287 subiecit.
1328 260 1427 286 nam

81 308 117 349 is
146 307 231 348 alia
259 307 396 348 multa
422 306 579 348 adiecit
605 305 823 360 opusculis
848 305 1108 346 Ausonianis
1137 306 1264 346 antea
1291 303 1430 358 editis,

79 369 127 407 ut
169 367 259 407 iure
299 380 374 407 suo
415 365 551 406 dicere
588 367 733 419 posset
773 378 850 418 „ex
888 363 1118 405 collatione
1159 363 1425 404 diuersorum

81 425 275 467 codicum
317 424 508 466 Ausonio
555 424 765 477 additum,
810 426 1018 476 quantum
1063 422 1201 464 adhuc
1245 423 1296 464 ab
1343 422 1427 464 alio

80 484 275 525 nemine“
302 509 355 513 —
384 484 564 538 protulit
597 483 709 524 enim
743 497 792 523 ex
819 481 1050 523 Tristani
1079 480 1258 523 Chalci
1287 482 1429 524 codice

81 543 247 585 Ludum
279 542 362 584 VII
404 542 664 597 sapientium
698 543 740 582 et
772 539 1028 595 catalogum
1062 539 1246 582 Vrbium
1277 544 1430 595 totum,

84 617 134 643 ex
173 601 285 643 libro
319 601 533 642 Antonii
565 599 800 642 Bernerii
838 599 928 641 iure
968 599 1155 641 consulti
1187 599 1429 655 Periochas‚

82 676 132 703 ex
169 662 296 702 tertio
335 661 446 701 libro
485 659 661 715 (nempe
700 659 989 701 Laurentiano
1026 658 1259 700 Veri-azani
1299 675 1430 701 manu

82 720 262 775 scripto)
285 719 510 761 Mosellam
538 734 632 760 cum
655 717 900 773 Symmachi
926 718 1184 774 laudatione,
1211 734 1261 759 ex
1282 719 1429 760 eodem

82 779 309 820 accedente
341 779 451 819 libro
483 778 665 819 Puteani
698 778 915 819 simillimo
951 781 1163 832 quotquot
1196 777 1346 819 derant
1379 778 1431 819 ad

81 838 187 879 illud
220 841 389 892 tempus
417 837 646 879 Caesarum
680 837 940 878 tetrasticha
969 862 1018 866 -
1050 841 1092 877 et
1122 838 1165 878 in
1193 837 1308 878 calce
1336 851 1430 878 cum

83 896 301 952 Sulpiciae
345 897 531 938 carmine
571 896 724 937 adiecit
761 896 1097 951 „epigrammata
1132 895 1337 948 [XXIIII]
1381 910 1431 937 ex

82 955 257 1011 Georgii
290 956 568 997 Alexandrini
604 955 829 1008 [Merulae]
865 970 969 1009 quae
1002 955 1198 996 feruntur
1231 970 1430 997 manasse

80 1015 378 1069 bibliotheca“,
429 1015 702 1069 eiusdemque
751 1014 914 1055 farinae
965 1014 1050 1055 alia
1100 1029 1254 1056 nouem
1302 1015 1431 1057 tacite

80 1074 340 1128 interposuit
372 1074 631 1115 Ausonianis
664 1074 1067 1127 epigrammatibus:
1100 1073 1253 1115 horum
1287 1076 1429 1115 autem

80 1136 327 1188 poematum
354 1132 547 1174 XXXIII
580 1133 780 1186 pleraque
813 1147 861 1173 ea
888 1133 981 1186 ipsa
1009 1135 1121 1185 sunt,
1154 1147 1261 1187 quae
1291 1134 1432 1174 Auan·

81 1191 190 1233 tium
219 1207 349 1246 supra
376 1191 557 1233 edidisse
585 1192 766 1232 diximus
795 1191 897 1241 (uid.
918 1191 1031 1233 infra
1053 1207 1090 1246 p.
1111 1190 1430 1248 428—435).*)

80 1251 147 1292 bis
176 1252 306 1292 etiam
334 1250 521 1292 Graecae
546 1250 840 1305 Anthologiae
867 1265 946 1304 ope
973 1266 1076 1292 usus
1104 1251 1430 1306 epigrammata,

85 1325 192 1364 quae
225 1311 293 1351 uel
327 1312 451 1351 erant
481 1310 549 1351 ue]
583 1310 839 1351 uidebantur
870 1312 1088 1364 truncata,
1119 1310 1209 1363 ipse
1243 1310 1433 1364 expleuit

81 1370 140 1423 (p.
166 1369 252 1411 435
274 1367 367 1424 sq),
400 1384 528 1424 quam
561 1383 650 1409 rem
678 1369 772 1422 quis
799 1369 936 1422 possit
961 1369 1238 1424 integerrimo
1266 1369 1358 1411 uiro
1385 1369 1431 1410 in

81 1428 234 1469 uitium
256 1428 451 1469 uertere?
485 1431 753 1469 accesserunt
781 1428 923 1481 etiam,
957 1442 1065 1482 quae
1094 1428 1137 1468 in
1158 1428 1296 1469 indice
1317 1427 1431 1483 Vgo-

80 1487 242 1528 letiano
274 1502 362 1528 non
387 1491 664 1528 recensentur
689 1490 736 1527 ut
762 1502 887 1541 noua,
913 1486 1094 1528 Ausonii
1122 1487 1174 1528 ad
1202 1487 1429 1528 Paulinum

80 1546 264 1599 epistula
284 1546 477 1587 XXVIII
498 1545 640 1601 (XXV
654 1544 775 1601 418),
801 1549 843 1586 et
869 1545 1039 1599 quidem
1067 1561 1116 1587 ex
1137 1545 1427 1587 Laurentiano

80 1606 149 1657 23,
171 1606 238 1659 20,
265 1608 393 1659 atque
414 1606 590 1659 antiqua
611 1605 792 1659 quidem,
815 1605 886 1646 sed
908 1605 960 1645 ab
981 1603 1283 1660 Burdigalensi
1303 1609 1429 1659 poeta

81 1664 232 1717 aliena,
252 1665 301 1705 de
322 1665 569 1706 nominibus
591 1664 814 1705 stellarum
835 1679 1004 1705 carmen
1021 1662 1153 1719 (infra
1166 1679 1205 1718 p.
1221 1665 1307 1705 412
1322 1662 1431 1719 IIII)

81 1726 123 1764 et
144 1724 380 1765 sententiae
401 1726 563 1777 septem
580 1723 837 1777 sapientium
854 1722 956 1777 (309
968 1723 1161 1778 -31511,
1174 1722 1430 1778 ame—408>

81 1797 130 1823 ex
169 1782 458 1824 Laurentiano
493 1782 570 1836 37,
601 1783 675 1835 25,
722 1797 827 1837 quas
867 1782 916 1823 de
956 1797 1033 1823 suo
1074 1797 1122 1823 ex
1161 1782 1428 1837 Anthologia

81 1842 298 1883 conuersis
338 1841 534 1882 uersibus
569 1839 693 1897 (316)
732 1841 902 1882 uidetur
941 1842 1125 1892 auxisse,
1171 1841 1351 1896 denique
1383 1841 1428 1881 111

80 1915 260 1954 puerum
278 1900 513 1942 formosum
531 1901 796 1955 epigramma
815 1900 934 1955 (olim
952 1901 1046 1953 107,
1067 1900 1179 1941 infra
1193 1915 1232 1954 p.
1246 1900 1330 1941 417
1348 1898 1428 1954 VI).

81 1960 122 2000 111
159 1959 419 2001 Ausonianis
455 1959 664 2014 Vgoletus
705 1974 800 2000 raro
840 1959 1048 2000 traditum
1081 1958 1204 1999 libris
1237 1958 1428 2000 ordinem

82 2019 283 2070 mutauit,
322 2019 447 2059 laude
485 2033 586 2059 sane
627 2018 780 2072 dignus
821 2018 932 2072 quod
971 2018 1021 2059 de
1059 2017 1200 2059 Fastis
1239 2017 1428 2058 carmina

82 2093 128 2117 ex
163 2077 524 2132 Epigrammaton
558 2076 667 2117 libro
701 2077 895 2119 remouit.

170 2135 269 2178 Non
302 2151 422 2177 suam
455 2135 697 2190 editionem,
731 2135 803 2177 sed
827 2135 1132 2191 Vgoletianam
1167 2143 1335 2175 sec-utus
1365 2137 1429 2175 est

177 2228 210 2274 =ie)
238 2228 362 2263 omnia
395 2239 473 2263 esse
499 2228 662 2262 Merulae
696 2240 779 2262 cum
812 2228 988 2262 dixissem
1021 2229 1058 2262 et
1088 2225 1190 2261 nullo
1218 2227 1303 2261 dolo
1330 2226 1428 2261 malo

80 2276 198 2311 inlata
223 2275 464 2318 Ausonianis‚
498 2276 590 2309 haec
623 2275 773 2319 quidem
807 2275 853 2309 ab
881 2274 1042 2318 Vgoleto
1070 2285 1149 2309 esse
1174 2274 1276 2308 faeta
1301 2275 1339 2308 et
1364 2284 1430 2318 per

81 2324 249 2358 fraudem
273 2323 416 2358 intrusa
431 2324 535 2367 putat
552 2321 711 2357 Schenkl
727 2322 847 2357 causis
863 2322 1013 2357 minime
1029 2320 1297 2356 sufficientibus
1309 2320 1428 2355 nixus.
