1563 2511
633 76 952 118 —104-

50 217 143 242 XXII
164 218 229 248 [388
247 217 313 243 1301.
324 217 436 247 xvnn]
476 203 539 238 DE
565 199 871 239 'AVCTORIBVS
896 202 1117 238 AGONVM.

120 287 293 329 Primus
326 288 603 342 Olympiacae
636 287 823 329 sacrauit
854 286 967 328 festa
999 301 1181 329 coronae

120 346 313 401 Iuppiter
344 346 498 402 Argiui
531 346 672 388 stadia
704 347 756 387 ad
789 346 1045 400 longissima
1077 346 1188 387 circi.

120 405 347 447 Proximus
380 405 552 447 Alcides
584 404 796 446 Nemeum
830 406 1016 445 sacrauit
1046 404 1266 447 honorem.

121 463 239 505 Haec
272 478 438 519 quoque
469 464 734 518 temporibus
767 463 1057 518 quinquennia
1089 478 1210 505 sacra
1241 463 1453 505 notandis.

119 522 305 564 Isthmia
336 522 538 578 Neptuno
572 523 671 564 data
703 525 804 563 sunt
836 524 878 563 et
909 521 1070 576 Pythia
1101 522 1276 564 Phoebo
1446 532 1466 564 5

121 581 311 636 Ancipiti
342 582 461 623 cultu
493 581 690 623 diuorum
721 581 1028 636 hominumque
1062 581 1255 635 sepultis.

50 732 246 799 X{:n11x[2{i⁵9
287 731 418 772 QVOD
444 730 567 765 IDEM
593 731 675 773 QVI
702 730 842 766 SACRI
867 730 1060 766 AGONES
1088 730 1216 767 SVNT
1244 731 1306 766 ET

431 777 685 813 FVNEBRES
711 777 828 812 LVDI
854 777 1165 813 HABEANTVR.

124 862 378 904 Tantalidae
410 862 560 916 Pelopi
592 865 804 904 maestum
836 862 951 904 dicat
981 862 1074 904 Elis
1105 863 1328 904 honorem.

122 921 378 963 Archemori
409 921 626 963 Nemeaea
658 922 803 963 colunt
835 921 1124 975 quinquennia
1155 921 1340 965 Thebae.

121 980 305 1022 Isthmia
336 980 537 1022 defuncto
571 981 786 1021 celebrata
816 979 1076 1022 Palaemone
1108 983 1270 1022 notum.

121 1038 280 1093 Pythia
311 1040 522 1093 placando
555 1038 716 1094 Delphi
750 1041 938 1081 statuere
971 1039 1156 1080 draconi.

53 1203 182 1228 xxrm
204 1203 268 1234 [385
287 1202 351 1229 Ecl.
372 1204 430 1233 xv]
541 1189 605 1224 DE
631 1188 788 1224 FERIIS
814 1189 1045 1225 ROMANIS.

124 1273 250 1316 Nunc
283 1278 326 1315 et
358 1274 610 1328 Apollineos
643 1273 848 1315 Tiberina
879 1288 954 1328 per
985 1274 1099 1315 ostia
1131 1274 1252 1316 ludos

183 1333 242 1374 Et
273 1333 585 1388 Megalesiacae
618 1333 770 1374 matris
803 1335 951 1387 operta
983 1333 1135 1399 loquar

124 1391 394 1446 Vulcanique
428 1392 536 1445 dies,
569 1392 765 1433 autumni
797 1391 970 1433 exordia
1000 1391 1146 1446 primi,

185 1450 561 1505 Quinquatrusque
593 1451 695 1492 deae
727 1450 928 1491 Pallados
961 1450 1186 1504 expediam

125 1509 184 1551 Et
215 1510 379 1551 medias
411 1509 503 1550 idus
536 1508 625 1551 Mai
657 1509 929 1564 Augustique
961 1523 1153 1562 recursu,
1452 1520 1470 1550 5

186 1568 302 1618 Quas
337 1569 419 1610 sibi
450 1567 688 1610 Mercurius
722 1582 910 1623 quasque
943 1567 1083 1609 Diana
1116 1568 1247 1623 dicat3

125 1626 348 1668 Matronae
382 1642 490 1681 quae
523 1642 645 1669 sacra
677 1627 821 1669 colant
853 1641 930 1681 pro
963 1627 1089 1668 laude
1120 1627 1329 1678 uirorum,

185 1685 393 1728 Mauortis
426 1687 553 1740 primi
586 1701 683 1728 cum
714 1686 878 1727 rediere
911 1686 1013 1726 dies.

126 1744 255 1786 Festa
287 1744 534 1798 Caprotinis
566 1745 811 1786 memorabo
847 1745 1030 1786 celebria
1061 1744 1205 1797 nonis,

187 1802 294 1845 Cum
327 1804 441 1845 stola
472 1805 682 1845 matronis
715 1804 890 1858 dempta
921 1807 1042 1859 teget
1072 1803 1268 1844 famulas.
1431 1813 1473 1844 10

64 1921 102 1954 V
224 1918 326 1953 XXII
353 1924 373 1954 3
400 1919 581 1953 Nemeum
601 1919 730 1962 Peiper
760 1930 977 1954 nemeaeum
1002 1919 1036 1952 V
1061 1919 1224 1953 Nemeae
1251 1918 1424 1963 Luydun.

127 1971 148 2000 4
175 1965 402 2010 quinquenia
433 1966 467 2000 V
547 1970 566 2000 5
594 1965 762 2000 isthimia
795 1966 851 2007 12⁷1
875 1965 996 2011 pithia
1022 1967 1166 2010 phaebo
1197 1965 1233 1999 V
1305 1976 1366 2000 uu.
1394 1969 1415 1999 4
1441 1968 1473 2000 et

129 2018 149 2046 6
178 2014 353 2048 carminis
378 2014 472 2058 quod
497 2014 659 2057 sequitur
683 2014 833 2048 initium
859 2024 928 2047 esse
953 2014 1163 2057 suspicatur
1189 2012 1342 2047 Schenkl

64 2097 102 2130 V
224 2094 344 2129 XXIII
382 2107 540 2129 FVNEBRE
574 2094 607 2127 V
635 2097 639 2137 Ι
673 2078 741 2128 Ani}
753 2096 817 2139 svn
844 2097 900 2139 (XT
928 2106 1045 2139 paene
1069 2097 1312 2138 marcuerunt)
1344 2094 1379 2128 V

132 2160 147 2189 1
180 2144 494 2189 dicaehelisonori}
527 2153 561 2187 V
586 2164 675 2187 corr.
703 2153 864 2197 Scalz'yer
890 2155 926 2195 2,
947 2156 969 2188 3
1067 2157 1086 2186 ⁶2
1114 2153 1294 2188 arcemori
1328 2154 1384 2190 Vl
1412 2165 1473 2189 ne—

127 2213 231 2237 meae
262 2201 297 2235 V
321 2211 410 2236 eorr.
439 2201 617 2235 Heinsius
708 2204 727 2233 3
755 2199 921 2234 isthimia
952 2199 985 2233 V
1070 2204 1091 2234 4
1118 2199 1212 2244 pitia
1245 2200 1301 2245 Vl
1325 2200 1411 2235 delfi
1445 2201 1478 2235 V

66 2263 104 2296 V
226 2260 362 2295 XXIIII
388 2271 487 2294 mus
520 2259 555 2293 V
648 2261 668 2292 5
693 2257 783 2292 mali
816 2258 850 2293 V
871 2268 962 2294 corr.
988 2258 1160 2303 Luyclun.
1190 2260 1195 2303 Ι
1230 2259 1353 2304 agusti
1385 2259 1419 2294 V

128 2313 148 2343 9
176 2306 374 2353 caprotinis
407 2307 441 2342 V
472 2309 476 2351 Ι
511 2316 723 2341 memorauo
758 2305 790 2339 V
887 2310 929 2340 10
956 2306 1081 2340 demta
1112 2306 1147 2340 V
