1563 2511
96 148 328 190 Mutandos
362 163 530 203 semper
563 149 850 203 grauioribus.
899 150 994 203 ipsa
1027 152 1222 191 senectus
1402 160 1444 192 15

96 207 338 262 Expectata
371 207 443 249 diu
474 209 673 262 uotisque
706 211 856 262 optata
887 208 1089 262 malignis

98 266 240 308 Obicit
270 266 507 308 innumeris
540 281 694 321 corpus
727 267 957 308 lacerabile
988 267 1162 308 morbis.

98 324 350 379 Spernimus
382 325 427 367 in
459 340 683 367 commune
716 340 862 367 omnes
895 326 1157 381 praesentia3
1190 326 1397 380 quosdam

98 383 281 426 Constat
313 385 427 426 nolle
460 384 561 426 deos
594 385 698 425 fieri.
748 384 927 426 Iuturna
958 385 1181 426 reclamat:

99 442 212 492 ‘Quo
239 444 375 485 uitam
402 443 518 485 dedit
545 443 794 485 aeternam?
821 458 894 484 cur
916 443 1068 485 mortis
1089 443 1289 497 adempta
1309 445 1371 485 est
1398 453 1442 484 ‘20

99 501 356 544 Condicio?
408 502 468 543 sic
502 500 720 543 Caucasea
753 502 831 543 sub
864 516 970 556 rupe
1002 502 1286 544 Prometheus

99 561 303 603 Testatur
335 560 667 616 Saturnigenam
699 575 777 603 nec
808 562 982 602 nomine
1014 564 1154 603 cessat

96 619 296 662 Incusare
329 620 496 674 Iouem,
532 619 633 661 data
665 620 722 661 sit
755 620 868 675 quod
900 620 992 661 uita
1022 620 1234 675 perennis.

95 678 278 733 Respice
313 681 355 720 et
387 679 441 720 ad
473 679 612 720 cultus
646 680 792 720 animi.
850 679 909 720 sic
941 693 1093 733 nempe
1125 679 1325 733 pudicum

95 737 289 779 Perdidit
319 736 609 792 Hippolytum
640 752 726 779 non
757 738 859 779 felix
893 752 993 780 cura
1024 738 1209 792 pudoris.
1399 747 1442 778 25

95 797 133 838 E
168 799 318 838 contra
350 797 575 838 inlecebris
608 797 872 839 maculosam
905 797 1059 853 degere
1091 798 1226 838 uitam

98 855 234 904 Quem
266 857 406 910 iuuat,
439 856 650 909 adspiciat
681 870 841 909 poenas
874 858 917 897 et
948 856 1125 897 crimina
1156 869 1326 910 regum,

96 914 253 956 Tereos
286 915 439 956 incesti
471 915 538 955 uel
572 915 713 956 mollis
748 914 1061 970 Sardanapalli.

95 973 326 1015 Perfidiam
358 974 495 1014 uitare
527 977 703 1015 monent
733 975 817 1015 tria
849 974 1011 1015 Punica
1043 974 1171 1028 bella3

98 1031 172 1074 Set
202 1033 406 1087 prohibet
438 1047 609 1074 seruare
641 1033 769 1074 fidem
802 1033 942 1074 deleta
975 1031 1201 1087 Saguntos.
1400 1043 1444 1074 30

95 1091 208 1132 Viue
241 1094 283 1133 et
315 1092 524 1133 amicitias
558 1106 727 1146 semper
759 1093 862 1134 cole.
887 1116 935 1122 -
973 1090 1144 1133 Crimen
1177 1091 1231 1132 ob
1264 1090 1379 1132 istud

95 1150 468 1206 Pythagoreorum
500 1151 631 1205 periit
663 1151 810 1193 schola
842 1151 967 1192 docta
999 1150 1247 1205 sophorum.
1274 1174 1322 1179 —

96 1209 191 1251 Hoc
223 1213 418 1251 metuens
450 1211 583 1264 igitur
613 1210 753 1252 nullas
787 1211 892 1252 cole
917 1234 965 1239 —
1002 1208 1175 1252 Crimen
1207 1209 1261 1251 ob
1293 1208 1410 1251 istud

97 1269 254 1311 Timon
287 1268 491 1310 Palladiis
525 1269 629 1310 olim
659 1269 875 1323 lapidatus
909 1268 1101 1310 Athenis.

95 1327 289 1369 Dissidet
322 1328 536 1382 ambiguis
570 1342 736 1382 semper
767 1343 887 1370 mens
921 1319 1056 1369 obuia'
1082 1327 1213 1381 uotis,
1403 1338 1446 1369 35

96 1386 187 1429 Nec
219 1387 407 1428 uoluisse
438 1386 605 1429 homini
638 1387 742 1428 satis
776 1389 859 1429 est:
892 1388 1042 1441 optata
1073 1388 1253 1428 recusat.

96 1445 207 1487 Esse
238 1446 283 1486 in
314 1445 477 1487 honore
510 1446 670 1500 placet,
702 1460 801 1488 mox
834 1446 1028 1500 paenitet
1059 1448 1102 1487 et
1134 1445 1346 1486 dominari

95 1504 158 1546 Vt
189 1504 376 1559 possint,
410 1505 570 1547 seruire
603 1505 768 1546 uolunt.
818 1505 931 1547 idem
964 1506 1112 1546 auctus
1144 1504 1308 1546 honore

194 1590 236 1620 19
263 1571 403 1630 {Terg-1⁷1.
429 1587 461 1619 A
488 1585 556 1619 XII
583 1589 650 1620 879
673 1596 725 1629 sq.

193 1660 236 1691 15
262 1656 474 1691 multandos
507 1656 541 1691 V
613 1660 654 1690 16
681 1657 774 1691 deest
800 1655 859 1701 ΡΙ
889 1656 1018 1691 obtata
1050 1655 1085 1690 V
1156 1658 1295 1690 18-23
1321 1666 1386 1690 om.
1416 1655 1451 1689 V

99 1707 140 1738 18
170 1704 328 1749 spernib3
360 1703 396 1737 P
490 1707 534 1737 21
562 1702 748 1738 condictio
778 1703 814 1737 P
909 1707 952 1737 23
979 1702 1173 1737 incausare
1193 1703 1230 1737 P
1323 1706 1366 1736 25
1393 1701 1448 1747 ip-

96 1751 255 1795 politum
282 1751 316 1787 V
338 1750 552 1796 hypolitum
572 1750 608 1784 P
628 1753 631 1794 l
654 1762 726 1785 non
753 1750 858 1796 felix]
886 1750 1014 1785 infelix
1034 1751 1070 1784 P
1140 1753 1184 1784 26
1211 1749 1239 1783 E
1268 1751 1397 1784 contra
1417 1749 1451 1785 V

98 1798 149 1832 At
175 1800 304 1833 contra
331 1798 391 1840 ΡΙ
415 1797 600 1832 illecebris
629 1798 665 1832 P
685 1799 690 1842 l
713 1797 841 1843 digere
870 1798 906 1831 P
1001 1802 1044 1832 27
1072 1797 1230 1841 aspiciat
1261 1797 1296 1831 V
1323 1797 1448 1842 aspice

99 1848 136 1879 et
162 1845 208 1879 ad
235 1846 339 1890 Plp
343 1857 429 1880 enas
457 1845 533 1880 VP
555 1848 558 1885 Ι
581 1844 727 1890 regum]
755 1857 817 1878 um
844 1845 911 1879 litt.
938 1845 1094 1879 incertae
1121 1844 1155 1879 V
1229 1848 1273 1879 28
1299 1844 1447 1879 thereos

99 1893 136 1937 (h
164 1904 207 1928 ex
234 1904 272 1926 er
297 1894 420 1927 statim
446 1903 535 1927 corr.
526 1892 573 1965 ri
586 1892 620 1926 V
642 1893 743 1926 tereo
773 1892 834 1936 Pl
866 1891 1011 1937 inolesti
1037 1893 1074 1936 (a
1099 1894 1219 1927 erlaso
1209 1892 1241 1935 ²)
1276 1891 1310 1926 V
1402 1894 1446 1926 ‘29

97 1964 252 1998 monent
277 1962 366 2008 tria]
399 1963 466 1997 litt.
493 1947 545 1997 tt
544 1976 563 1994 s
599 1963 645 1997 αἶ.
666 1974 710 1997 m.
739 1962 774 1997 V
796 1962 987 1997 monentia
1012 1966 1052 1996 ut
1078 1963 1153 1996 uad
1176 1962 1221 1996 V¹
1252 1963 1256 2004 1
1290 1961 1391 1995 uella
1417 1961 1452 1995 V

147 2014 191 2045 30
219 2010 290 2056 set]
326 2010 433 2054 le
437 1995 557 2044 roibet
584 2011 614 2043 (r
640 2021 682 2043 ese
708 2020 797 2044 corn)
803 2011 814 2054 )
848 2010 906 2052 Vl
930 2009 1075 2044 serbare
1109 2009 1166 2050 Vl
1190 2008 1385 2054 saginthos
1418 2008 1452 2042 V

101 2058 303 2103 saguyntos
332 2057 367 2090 P
463 2061 505 2091 31
537 2056 622 2090 uibe
657 2056 691 2090 V
722 2058 726 2099 l
761 2057 941 2091 amititias
975 2056 1009 2090 V
1041 2059 1044 2099 l
1079 2056 1108 2090 is
1104 2057 1171 2090 tut
1204 2037 1254 2090 Vt:>
1332 2060 1376 2090 32
1410 2059 1446 2096 >'<-

91 2106 211 2150 pmes.
239 2104 273 2139 V
292 2106 296 2147 Ι
319 2103 599 2149 pitagoreorum
626 2103 660 2137 V
681 2101 875 2147 1›3tag1··.e0
873 2115 943 2137 um
964 2103 1000 2137 P
1020 2108 1023 2140 l
1047 2103 1149 2137 scola
1176 2103 1210 2138 V
1233 2103 1358 2137 schala
1380 2103 1416 2137 P
1444 2103 1447 2139 Ι

97 2153 207 2186 docto
234 2151 284 2185 PS
380 2154 422 2185 33
451 2151 634 2196 metuens]
671 2152 840 2185 metunos
867 2151 904 2185 P
935 2151 938 2193 Ι
972 2150 1088 2194 igitur
1114 2161 1180 2184 om.
1207 2150 1244 2184 P
1274 2153 1277 2192 l
1313 2150 1449 2184 crimeu

99 2202 136 2243 (n
163 2210 228 2234 rec.
255 2199 314 2235 ss.)
350 2198 383 2232 V
412 2198 417 2244 Ι
454 2200 531 2233 stut
564 2198 598 2232 V
691 2201 735 2232 34
761 2197 926 2242 pallidiis
960 2197 994 2232 V
1087 2202 1130 2231 35
1159 2197 1244 2231 obia
1278 2197 1311 2231 V
1405 2201 1449 2231 36

100 2246 230 2281 obtata
261 2245 338 2280 VP
365 2247 369 2289 1
398 2246 572 2280 recusant
600 2245 649 2278 ps
747 2249 791 2280 37
818 2256 928 2279 onore
962 2244 1018 2278 V*
1047 2245 1191 2288 penitet
1221 2244 1324 2288 VP1
1354 2244 1391 2279 et
1416 2243 1452 2278 P

100 2298 140 2328 av
176 2293 209 2328 V
232 2304 275 2328 ac
301 2293 453 2329 Schenkl
550 2295 593 2327 38
620 2292 737 2337 possit
763 2313 805 2318 —
834 2293 937 2327 uolet
966 2291 1043 2326 Toll
