1563 2511
527 103 579 107 —
643 90 855 119 LXXXXIII
922 102 970 106 —

190 199 296 226 aeuo
329 185 401 238 qui
431 184 646 237 floruerat,
679 197 822 224 senem
849 182 957 223 uidit
982 183 1147 224 iuuenis
1175 188 1287 230 (Prof.
1309 192 1340 231 4,
1362 187 1417 235 4);

191 243 374 342 {ignifqge
393 242 613 344 1)Luei01i
658 241 939 295 condiscipuli
983 245 1165 296 postque
1213 241 1417 295 conlegae

238 311 303 334 ro.
356 327 363 343 ,
431 326 439 334 .

192 347 273 389 His
301 349 424 389 annis
452 350 494 389 et
520 347 591 401 qui
613 347 747 388 secuti
769 349 868 388 sunt
887 347 1182 388 familiaritate
1204 346 1419 401 gaudebat

193 405 379 448 Citarii
412 405 681 460 Syracusani,
715 406 985 460 grammatici
1019 404 1170 446 Graeci
1203 412 1315 451 (Pi-of.
1349 411 1417 454 13),

191 465 430 520 Dynamii
455 466 639 506 rhetoris
667 471 779 512 (Prof.
802 475 857 513 23,
881 475 948 513 12),
977 464 1258 518 Nepotiani
1282 464 1418 505 multo

192 525 363 578 quidem
402 524 577 565 maioris
616 530 728 572 (prof.
758 534 813 571 15,
840 534 871 564 4.
901 534 960 564 14:
999 529 1161 564 medella
1192 529 1310 563 nostri
1335 540 1418 573 pec-

192 582 282 616 toris
303 611 310 617 .
334 610 341 617 .
364 609 371 616 .
398 581 536 616 sodalis
563 582 601 615 et
626 581 825 623 conuictor‚
852 581 985 624 hospes
1007 608 1013 615 .
1037 608 1043 614 .
1067 607 1074 614 .
1101 578 1235 614 mentis
1257 580 1420 624 agitator

191 637 321 679 meae).
395 630 569 672 Arborii
629 630 675 671 in
729 630 869 671 locum
923 628 1226 684 Staphylius
1275 628 1420 669 rhetor

193 692 457 731 successerat
484 689 595 742 apud
621 688 861 730 Ausonium
889 694 1001 735 (Prof.
1023 699 1077 738 20,
1101 699 1120 729 5
1140 696 1182 728 tu
1207 693 1301 728 mihi
1320 694 1419 737 quod

191 745 348 790 genitor⁷
370 747 468 790 quod
482 745 695 789 auunculus,
716 757 809 780 unus
825 746 1033 789 utrumque,
1055 744 1151 779 alter
1165 747 1205 779 ut
1221 744 1416 787 Ausonius,

196 793 292 828 alter
317 795 359 828 ut
384 794 585 836 Arborius).

75 855 107 882 c.
125 855 161 882 a.
178 842 263 883 334
283 843 454 884 tandem
469 843 559 896 ipse
574 842 685 895 apud
699 841 1030 896 Burdigalenses
1053 855 1190 896 gram
1201 856 1239 881 n]
1253 840 1419 881 aticae

193 916 346 942 munus
369 902 460 942 adit
479 907 613 949 (Praef.
628 908 645 941 Ι
659 911 702 941 22
723 907 850 941 multis
871 907 1038 941 conlatus
1058 907 1121 940 sed
1134 917 1207 940 non
1222 905 1417 946 subditus).

193 959 318 1001 Haud
335 960 461 1001 dubie
475 960 557 1001 hoc
572 960 665 1014 ipso
681 962 872 1013 tempore
889 959 1151 1000 Attusiam
1166 958 1333 999 Lucan
1345 973 1420 999 am

197 1017 437 1060 Sabinam
457 1020 502 1060 in
522 1019 844 1060 matrimonium
865 1018 997 1067 duxit,
1018 1018 1136 1059 cuius
1156 1020 1279 1071 pater
1295 1016 1419 1058 Attu-

199 1078 287 1118 sius
325 1077 522 1119 Lucanus
562 1077 745 1118 Talisius
785 1076 1108 1131 Burdigalensis
1154 1076 1282 1129 paulo
1322 1079 1421 1117 ante

202 1140 294 1177 erat
313 1140 506 1178 mortuus
528 1142 624 1184 (Par.
647 1147 678 1186 8,
696 1147 736 1177 11
759 1142 914 1187 optabas
934 1144 975 1176 tu
994 1153 1053 1176 me
1073 1152 1250 1186 generum
1268 1140 1421 1175 florente

195 1192 365 1228 iuuenta:
394 1195 524 1238 optare
550 1194 620 1228 hoc
645 1194 802 1235 tantum,
830 1204 902 1227 non
929 1194 966 1226 et
992 1192 1127 1226 habere
1155 1192 1308 1235 datum).

77 1255 110 1282 c.
133 1256 169 1282 a.
189 1242 274 1284 335
307 1243 568 1284 Ausonius
594 1242 752 1296 filius,
780 1256 904 1296 quem
931 1241 1099 1295 peperit
1126 1239 1296 1294 Sabina,
1322 1254 1421 1294 pue-

195 1302 312 1343 rulus
340 1302 432 1342 obit
465 1308 560 1349 (Par.
584 1308 654 1345 10).
706 1301 787 1342 duo
815 1302 966 1355 postea
992 1300 1151 1341 liberos
1178 1299 1423 1354 procreauit

192 1360 450 1414 Hesperium
482 1360 716 1414 incertique
749 1360 935 1400 nominis
967 1359 1112 1400 filiam.

197 1420 376 1473 Aliquot
425 1421 548 1460 annis
598 1423 697 1473 post
746 1418 983 1460 rhetoricae
1028 1433 1182 1459 munus
1229 1417 1422 1458 Ausonio

195 1479 382 1519 defertur
426 1494 450 1519 a
495 1479 672 1519 ciuibus.
744 1478 787 1518 in
833 1478 1113 1532 grammatico
1162 1491 1336 1517 munere
1385 1477 1423 1517 ei

197 1537 402 1578 successit
446 1537 646 1578 Acilius
692 1536 906 1578 Glabrio
954 1543 1064 1584 [Pi-of.
1093 1546 1154 1585 24,
1183 1547 1201 1576 5
1235 1542 1422 1585 quondam

197 1605 311 1638 puero
339 1605 478 1639 conpar
504 1594 611 1636 mihi,
647 1594 850 1638 discipulus
877 1605 979 1637 mox,
1005 1604 1137 1637 meque
1165 1592 1297 1627 dehinc
1323 1592 1423 1627 facto

196 1650 343 1684 rhetore
388 1649 692 1698 grammaticus),
737 1658 833 1684 cum
884 1643 1047 1684 obisset
1099 1641 1423 1683 Herculanus

198 1702 356 1743 sororis
402 1703 535 1755 filius,
580 1717 704 1756 quem
745 1705 786 1743 et
825 1702 1078 1756 discipulum
1119 1702 1161 1741 et
1201 1701 1423 1756 conlegam

197 1760 408 1802 habuerat
440 1767 551 1809 <Pi-of.
582 1772 634 1811 11,
665 1773 694 1802 1.
716 1772 754 1802 3:
781 1767 968 1812 profectus
995 1766 1136 1812 gremio
1164 1766 1208 1800 de
1234 1768 1360 1800 nostro
1387 1767 1424 1800 et

199 1818 327 1852 schola
347 1847 353 1853 .
377 1845 383 1851 .
407 1847 413 1854 .
442 1819 628 1863 particeps
650 1818 799 1853 scholae
822 1820 858 1852 et
879 1818 1076 1852 cathedrae
1099 1828 1216 1861 paene
1238 1827 1426 1851 successor

195 1884 312 1908 meae.
357 1873 401 1907 cf.
429 1874 510 1908 Par.
535 1873 602 1915 17).
653 1871 825 1921 praeter
854 1866 1039 1908 Acilium
1069 1872 1110 1907 et
1140 1866 1423 1907 Herculanum

200 1926 394 1967 alumnos
450 1926 640 1967 habebat
697 1926 963 1967 Paulinum
1016 1929 1057 1967 et
1108 1925 1423 1977 Tetradium,

198 1988 348 2038 postea
379 1984 703 2026 Iculismensem
735 1988 1055 2040 praeceptorem
1089 1990 1170 2035 (bip.
1199 1990 1250 2024 XI
1280 1995 1331 2025 17.
1355 1989 1423 2031 ⁶22).

197 2043 429 2085 forenses
456 2059 622 2098 quoque
650 2058 799 2085 causas
828 2058 1087 2099 quamquam
1114 2057 1210 2084 raro
1239 2043 1423 2096 suscepit

200 2100 334 2143 (Praef.
356 2100 371 2133 1
394 2104 434 2134 17
459 2112 525 2135 nec
546 2101 625 2135 fora
645 2113 718 2135 non
740 2102 928 2136 celebrata
949 2101 1051 2143 mihi,
1073 2101 1136 2134 secl
1158 2111 1246 2134 cura
1267 2099 1425 2133 docendi

200 2148 344 2182 cultior.
385 2148 449 2192 Ep.
472 2148 557 2182 VIII
578 2152 621 2183 28
650 2146 690 2183 ἐν
716 2161 754 2182 τε
782 2148 866 2193 forcp
894 2158 1040 2187 causans·
1065 2160 1103 2182 τε
1130 2147 1194 2181 καὶ
1219 2148 1423 2191 ἰῃςϊῆὺαισι

200 2194 440 2239 cathedram).

168 2277 174 2283 .
204 2248 286 2284 335
320 2247 546 2296 Epistula
576 2247 713 2284 XVIII
741 2248 797 2285 ad
828 2251 1010 2296 patrem
1044 2247 1090 2284 de
1118 2250 1303 2295 suscepto
1329 2246 1423 2283 filio.

199 2306 425 2353 Epistula
464 2307 514 2344 de
549 2306 724 2345 ostreis
766 2309 809 2344 et
849 2306 1097 2355 musculis,
1137 2318 1257 2354 quam
1283 2307 1422 2353 postea
