1563 2511
729 43 1045 84 —404—

213 162 341 189 causa
381 147 598 188 adhibitus
636 148 746 189 nihil
779 149 969 190 omnium
1006 148 1051 190 in
1083 148 1224 190 Vlixis
1263 149 1407 204 domo,
1447 151 1559 206 quod

214 206 574 248 contumeliosum
612 209 742 261 esset,
788 207 993 261 ediderat,
1036 210 1078 249 et
1115 207 1307 250 Medonti
1344 210 1559 264 praeconi,

213 265 332 307 cuius
365 265 600 307 modestiae
633 265 762 307 etiam
795 265 1075 308 Telemachus
1108 266 1382 322 suffragatur.
1433 271 1559 322 atque

213 325 284 378 qui
327 338 423 365 cum
468 324 725 366 Telemacho
772 326 915 378 erant,
965 324 1252 366 Melanthium
1300 325 1559 368 famulorum

214 382 354 424 Vlixis
386 397 536 435 unum,
568 383 639 437 qui
671 398 900 438 procorum
931 384 1197 438 proteruiam
1229 398 1396 438 semper
1422 400 1559 427 arma-

214 443 354 496 uerat,
393 442 683 483 cruciabiliter
721 443 932 485 occidunt.
994 443 1160 497 puellas
1198 443 1295 484 inde
1328 443 1560 494 duodecim,

214 515 322 555 quae
367 515 464 542 cum
507 501 648 554 procis
694 501 907 556 flagitiose
952 503 1280 556 consueuerant,
1331 503 1559 556 suspendio

213 560 439 614 perimunt.
500 559 650 602 Vlixes
689 560 816 601 caede
850 561 902 601 ad
933 561 1107 614 plenum
1138 562 1386 615 perpetrata
1416 562 1559 616 ignem

214 618 357 660 adolet
388 619 645 673 incensoque
678 619 883 673 sulphure
915 619 1090 661 domum
1121 620 1290 676 piaculo
1322 623 1490 675 purgat.

820 792 952 827 XXIII.

404 874 559 921 (Γρῆυς
585 870 621 908 δ’
652 873 703 914 εἰς
729 871 871 922 ὑπερῷ’
900 871 1104 920 ἀνεβήσετο
1130 875 1402 923 καγχαλόωσα>

403 921 658 956 Chalcidicum
683 933 813 967 gressu
838 922 963 957 nutrix
989 922 1189 967 superabat
1214 922 1316 960 anili.

309 1017 506 1072 Euryclia
549 1018 696 1059 nutrix
741 1021 889 1073 gestae
926 1018 989 1059 rei
1025 1019 1177 1060 nuntia
1213 1018 1474 1073 Penelopam
1513 1020 1563 1060 de

215 1091 365 1118 somno
399 1077 570 1118 excitat.
622 1091 732 1131 quae
765 1077 1064 1119 aduenientem
1097 1078 1150 1119 ad
1176 1092 1220 1119 se
1247 1078 1451 1119 maritum
1476 1093 1563 1120 non

215 1142 374 1177 temere
406 1136 547 1190 ipsum
584 1150 676 1177 esse
709 1136 792 1177 sibi
823 1137 1050 1190 persuadet
1083 1140 1125 1177 et
1156 1137 1339 1192 quadam
1378 1137 1563 1179 cubiculi

214 1196 308 1249 lege
348 1196 391 1235 et
428 1194 611 1249 genialis
656 1194 803 1235 lectuli
847 1195 993 1249 positu
1037 1195 1119 1236 sibi
1159 1198 1331 1237 tantum
1369 1198 1411 1237 et
1448 1195 1563 1237 Vlixi

215 1252 406 1308 cognito,
457 1267 511 1294 an
550 1253 643 1306 ipse
688 1254 743 1294 sit
786 1254 964 1295 maritus
977 1287 987 1308 7
1031 1254 1241 1309 explorat.
1304 1256 1350 1296 in
1394 1256 1563 1296 coetum

214 1311 366 1353 deinde
404 1312 664 1353 conueniunt
700 1314 922 1366 totamque
960 1315 1129 1354 noctem
1174 1316 1324 1355 mutuo
1368 1328 1562 1355 sermone

215 1366 486 1412 consumunt.
538 1373 581 1411 et
606 1370 677 1412 hic
703 1371 874 1425 quidem
902 1372 1074 1426 elegans
1100 1372 1325 1426 replicatio
1352 1372 1563 1427 laborum,

216 1444 323 1484 quos
355 1428 506 1470 Vlixes
539 1430 737 1483 pertulit,
768 1430 878 1471 mira
910 1430 1237 1472 concinnatione
1270 1431 1497 1486 colligitur.

313 1585 354 1615 12
381 1579 476 1615 nihil
503 1579 668 1614 omnium
696 1581 827 1625 Peiper
859 1577 1103 1616 nioh'ominus
1128 1581 1166 1616 P
1197 1580 1293 1616 nihil
1318 1581 1468 1617 omnino
1494 1582 1563 1617 Ac-

215 1628 360 1663 marsius
471 1631 512 1662 13
546 1627 833 1662 ofitumeliosum
863 1628 912 1661 ΡΞ
952 1630 955 1673 Ι
997 1628 1170 1673 praeconi
1194 1629 1394 1664 Aceursius
1439 1629 1503 1663 uni
1531 1629 1563 1663 P

216 1674 324 1709 unius
357 1675 535 1709 Heinsius
633 1678 677 1709 14
710 1675 958 1719 suffragatura
989 1677 1181 1721 quicumcss
1211 1676 1247 1710 P
1281 1676 1563 1720 suffragabatur.

216 1721 266 1757 Et
278 1722 343 1766 qui
357 1733 440 1756 cum
462 1722 628 1766 Vyoletus
648 1723 703 1766 (at
716 1722 868 1757 Schenkl
888 1723 999 1767 atque
1013 1723 1157 1767 Peiper)
1223 1727 1264 1758 15
1284 1723 1518 1758 melanitium
1532 1723 1563 1758 Ρ

266 1773 309 1804 16
341 1768 571 1814 proterinam
602 1769 640 1803 P
733 1773 775 1803 17
808 1769 878 1804 XII
908 1770 945 1804 P
1040 1773 1082 1804 18
1114 1769 1234 1815 prosis
1269 1771 1306 1804 P
1407 1774 1450 1804 19
1483 1781 1563 1815 per-

217 1817 326 1851 munt
353 1816 400 1861 P*
483 1820 528 1851 20
555 1816 727 1860 sulphore
755 1816 791 1850 P

312 1874 432 1909 XXIII
461 1878 477 1908 1
505 1885 570 1909 om.
594 1874 631 1908 P
709 1879 729 1909 2
757 1875 982 1910 halcidicum
1012 1877 1071 1920 ΡΙ
1096 1877 1295 1920 superabat
1321 1876 1375 1910 bis
1398 1886 1465 1911 scr.
1487 1875 1523 1909 P

218 1926 239 1956 3
266 1921 400 1956 euritia
427 1922 463 1955 P
484 1923 488 1964 Ι
511 1923 624 1965 gestu
649 1921 685 1955 P
777 1926 796 1956 5
823 1922 955 1957 timere
984 1923 1020 1956 P
1040 1924 1044 1967 Ι
1068 1933 1144 1958 esse
1171 1922 1242 1957 sibi
1267 1923 1398 1967 Peiper
1423 1934 1502 1958 esse
1537 1923 1563 1956 P

217 1980 294 2003 esse
322 1980 359 2002 se
386 1968 538 2003 Schenkl
566 1969 571 2012 Ι
603 1970 641 2003 et
666 1969 834 2011 Schenkl,
860 1980 925 2004 om.
954 1971 991 2004 P
1084 1975 1103 2005 6
1131 1970 1270 2014 geniali
1295 1969 1442 2005 lectulis
1468 1969 1563 2014 posi-

217 2017 275 2049 tus
301 2015 353 2049 ibi
382 2015 419 2049 P
444 2017 448 2059 Ι
481 2015 580 2050 ulixe
608 2016 645 2049 P
740 2020 758 2050 7
786 2015 823 2050 in
850 2018 982 2051 cetum.
1010 2016 1151 2051 Deinde
1180 2018 1215 2051 P
1253 2018 1400 2052 coetum
1425 2016 1563 2052 Accur-

217 2064 363 2105 siamus,
390 2062 528 2097 coitum
550 2062 715 2107 Vyoletus
789 2066 809 2097 8
831 2073 1037 2099 sermonem
1054 2064 1103 2097 1³⁵
1175 2069 1194 2099 9
1221 2065 1259 2098 h1
1279 2065 1315 2098 P
1336 2063 1422 2098 hinc
1439 2064 1561 2099 Paris.
