1563 2511
645 17 959 59 -485—

223 125 242 155 6
268 120 430 164 Hesych.
467 117 594 164 σχολὴ·
628 116 672 154 οὐ
704 116 820 164 μόνον
851 117 891 154 τὸ
926 118 1044 164 μηδὲν
1075 119 1188 163 δρᾶν,
1220 116 1314 155 ἀλλὰ
1340 119 1404 154 καὶ
1429 117 1469 155 τὸ

271 168 362 210 περί
395 180 429 200 τι,
462 164 652 210 σχολάζειν
690 166 755 200 καὶ
792 164 814 208 ἡ
847 165 1029 211 διατριβή.
1079 166 1208 202 Festus
1239 178 1276 211 p.
1310 171 1377 201 347
1404 167 1471 202 M.:

270 214 418 248 scholae
458 213 580 248 dictae
620 214 706 247 sunt
742 224 818 247 non
856 213 903 247 ab
942 213 1018 248 otio
1058 216 1096 248 et
1130 215 1326 249 uacatione
1360 214 1472 259 omni,

276 260 339 295 sed
366 260 465 304 quod
491 259 624 294 ceteris
650 260 759 294 rebus
787 260 932 295 omissis
952 271 1085 295 uacare
1104 260 1320 296 liberalibus
1342 261 1473 296 studiis

272 307 379 352 pueri
405 307 552 342 debent.

198 358 240 388 10
268 354 312 389 cf.
341 353 432 388 Stat.
461 354 494 387 S.
522 353 592 386 1111
618 357 656 396 4,
691 357 734 387 32
767 353 863 388 uires
896 354 1054 398 instigat
1079 354 1220 399 alitque
1245 355 1472 399 tempestiua

268 400 390 444 quies3
416 400 534 435 maior
559 401 647 445 post
673 400 750 435 otia
776 401 905 435 uirtus.

199 451 240 482 19
268 447 407 492 Vergil.
448 447 490 483 G.
529 446 563 480 II
596 451 639 482 58
679 447 768 481 seris
795 475 802 482 .
826 475 862 482 ..
891 447 1088 492 nepotibus
1119 448 1161 482 A.
1194 448 1244 483 III
1276 452 1344 483 505
1385 459 1473 483 cura

267 497 430 577 &efflas
444 545 514 575 450
539 540 740 586 Augustus,
766 543 872 586 pater
898 543 936 576 et
959 541 1050 584 nati,
1077 552 1161 576 mea
1185 542 1348 576 maxima
1373 553 1471 577 cura.

271 586 303 623 ([
329 587 394 632 Ep.
421 587 560 623 XXVII
589 592 655 622 119
682 599 702 622 o
728 599 812 622 mea
837 588 999 623 maxima
1024 600 1122 624 cura.

197 639 242 669 20
269 634 361 670 Stat.
395 635 429 670 S.
463 635 497 669 II
534 639 570 677 1,
609 638 653 669 88
692 637 818 670 tenero
857 635 909 670 sic
947 635 1106 670 blandus
1146 634 1287 670 Achilli
1326 635 1474 670 semifer

268 682 516 716 Haemonium
542 681 717 716 uincebat
741 682 853 716 Pelea
873 682 1008 717 Chiron
1029 711 1034 717 .
1059 711 1065 718 .
1089 710 1094 716 .
1117 683 1180 718 sed
1200 693 1285 717 caro
1306 682 1473 717 Phoenix

270 729 448 764 haerebat
462 730 623 764 alumno.
655 728 853 764 Marcellus
868 729 913 764 de
927 729 1202 773 med.(Anthol.
1216 729 1281 764 lat.
1298 732 1366 764 910
1378 730 1435 773 R.)
1454 734 1470 763 1

269 777 366 819 quod
392 778 522 811 natum
547 776 719 811 Phoebus
746 776 882 820 docuit,
909 776 1009 820 quod
1035 777 1171 811 Chiron
1197 775 1393 811 Achillem.

198 827 241 857 21
270 823 410 868 Vergil.
437 822 478 857 A.
506 823 575 857 ΙΙΠ
601 826 670 857 248
697 823 860 858 Atlantis
888 849 896 857 .
919 853 925 859 .
948 851 956 858 .
983 823 1183 868 piniferum
1210 824 1330 868 caput.

197 874 241 904 27
268 870 442 906 Prudent.
477 869 639 905 Cathem.
672 883 725 915 pr.
761 874 780 905 7
814 872 917 905 aetas
948 870 1070 915 prima
1102 871 1338 915 crepantibus
1371 870 1474 905 fleuit

273 918 339 951 sub
367 918 502 951 ferulis.

199 967 242 998 29
270 964 429 998 Martial.
442 964 475 998 X
491 968 545 1006 62,
564 968 605 998 10
620 963 833 1008 ferulaeque
848 964 983 1008 tristes,
999 965 1144 1009 sceptra
1157 964 1472 1009 paedagogorum.

199 1015 242 1045 29
270 1011 410 1055 Vergil.
438 1010 480 1045 G.
507 1011 523 1044 Ι
551 1015 616 1046 165
644 1011 773 1055 uirgea
799 1040 806 1047 .
829 1040 835 1047 .
860 1038 867 1044 .
896 1012 1071 1056 supellex.

200 1062 243 1092 30
269 1057 436 1093 quenal.
464 1057 532 1092 VII
561 1062 625 1092 192
658 1058 793 1092 nobilis
824 1060 861 1092 et
886 1070 1083 1103 generosus
1110 1058 1319 1102 adpositam
1344 1058 1473 1102 nigrae

270 1105 397 1139 lunam
424 1104 589 1139 subtexit
613 1105 749 1139 alutae.

200 1155 243 1186 37
270 1150 305 1188 (I
330 1152 412 1186 Par.
443 1156 502 1195 11,
538 1156 558 1186 3
592 1163 674 1196 spes
708 1151 810 1186 cuius
843 1154 943 1187 certa
973 1151 1045 1186 fuit
1069 1163 1134 1186 res.
1187 1150 1220 1187 (I
1244 1152 1341 1187 Prof.
1372 1156 1426 1196 11,
1453 1156 1473 1186 3

202 1249 247 1279 44
272 1209 657 1290 {{.en1}ei]}{²ff¹{xfl¹}ff
675 1210 862 1280 Ξξέῃὲιιιιο
889 1245 954 1290 (111
980 1246 1074 1289 343).

203 1296 246 1326 46
275 1292 438 1327 quenal.
466 1293 516 1326 XI
545 1296 610 1327 180
637 1292 806 1327 conditor
831 1292 976 1327 Iliados.

273 1340 365 1374 Stat
395 1340 429 1374 S
456 1340 490 1373 II
520 1343 646 1382 1,144
673 1339 821 1374 facundi
850 1366 856 1373 .
880 1367 916 1374 ..
945 1351 1027 1374 orsa
1053 1339 1259 1373 Menandri.

201 1390 244 1421 48
272 1386 401 1421 Ge11.1
422 1390 478 1429 24,
506 1390 525 1419 3
548 1387 726 1431 (epitaph.
749 1386 905 1430 Plauti).
933 1388 970 1421 et
995 1386 1140 1420 numeri
1159 1386 1344 1421 innumeri
1365 1386 1474 1421 simul

272 1445 397 1468 omnes
425 1414 746 1468 cohlacrimarunt.

201 1484 242 1514 52
271 1479 409 1525 Vergil
437 1480 478 1514 E.
505 1479 609 1514 VIIII
635 1484 679 1514 53
706 1492 802 1515 nunc
828 1481 945 1516 oblita
970 1480 1063 1514 mihi
1087 1481 1146 1514 tot
1172 1480 1346 1521 carmina.

203 1532 247 1561 55
276 1525 308 1562 (I
335 1493 379 1561 cgf.
407 1528 525 1561 Protr.
552 1539 606 1571 pr.
633 1531 688 1561 22.

204 1578 246 1608 57
273 1574 437 1608 quenal.
465 1574 515 1608 XI
545 1578 610 1609 180
636 1574 799 1608 Maronis
826 1573 977 1609 altisoni
1003 1599 1010 1607 .
1033 1601 1039 1607 .
1063 1601 1069 1608 .
1099 1574 1270 1608 carmina.

199 1625 242 1656 59
268 1621 396 1656 Horat.
425 1621 491 1665 Ep.
519 1621 552 1655 II
582 1624 620 1664 1,
648 1625 715 1656 174
742 1631 852 1664 quam
877 1632 952 1656 non
977 1620 1154 1657 adstricto
1180 1621 1371 1665 percurrat
1395 1620 1475 1665 pul-

269 1668 350 1712 pita
376 1678 493 1702 socco.

201 1718 245 1749 68
273 1714 365 1750 Stat.
394 1714 428 1749 S.
455 1714 488 1748 Π
517 1719 547 1757 1,
576 1718 643 1749 104
668 1716 790 1749 mutas
816 1714 928 1749 etiam
954 1725 1050 1748 nunc
1075 1725 1261 1748 murmure
1287 1724 1408 1748 uoces.

272 1760 305 1799 (I
336 1761 418 1796 Par.
454 1765 513 1804 10,
553 1765 573 1796 3
611 1773 799 1796 murmura
830 1773 940 1805 quem
971 1761 1100 1806 primis
1131 1761 1375 1796 meditantem
1411 1760 1475 1795 ab·

273 1809 415 1844 soluere
441 1808 574 1843 uerbis.

201 1859 243 1890 72
272 1856 354 1890 add.
388 1856 633 1900 Hieronymus
673 1856 721 1888 ad
752 1854 945 1889 Rusticum
977 1855 1198 1890 monachum
1232 1854 1277 1889 de
1309 1854 1389 1890 uita
1421 1854 1475 1888 in-

272 1902 476 1938 stituenda:
504 1903 552 1936 Et
571 1903 710 1947 gratias
732 1913 801 1947 ago
823 1902 983 1946 domino,
1005 1901 1104 1946 quod
1124 1902 1169 1936 de
1189 1913 1316 1936 amaro
1338 1902 1474 1936 semine

272 1951 478 1984 litterarum
511 1949 637 1984 dulces
670 1949 812 1983 fructus
839 1960 960 1994 carpo.
1011 1948 1209 1984 Diomedes
1235 1949 1251 1982 Ι
1277 1951 1357 1991 310,
1384 1953 1403 1983 3
1431 1948 1474 1982 Κ.

270 1996 416 2032 Marcus
453 1995 606 2031 Poicius
642 1996 733 2031 Cato
772 1996 866 2031 dixit
903 1996 1111 2030 litterarum
1148 1995 1291 2030 radices
1330 2006 1476 2029 amaras

273 2055 369 2086 esse,
395 2044 536 2078 fructus
563 2044 806 2078 iocundiormes
858 2042 1093 2101 Aphthonius
1119 2054 1312 2097 progymn.
1340 2046 1383 2076 23
1414 2042 1473 2086 Sp.

271 2088 478 2146 Ἰσοκράτης
509 2091 575 2134 τῆς
606 2091 783 2129 παιδειας
807 2088 875 2133 τὴν
903 2087 1007 2134 ρίζαν
1033 2087 1173 2132 πικρὰν
1201 2089 1291 2133 ἔφη,
1330 2092 1477 2133 γλυκεῖς

272 2137 313 2172 δὲ
340 2135 427 2177 τοὺς
452 2138 631 2181 καρπούς.
681 2137 855 2172 Priscian.
882 2147 1090 2181 praeexerc.
1119 2140 1198 2179 432,
1227 2140 1268 2170 12
1295 2135 1338 2170 Κ.

202 2188 244 2218 73
274 2182 307 2219 (I
331 2184 593 2227 Prof.17,11.

273 2229 306 2266 (I
332 2231 501 2266 Genethl.
529 2234 561 2266 8.

204 2280 247 2312 75
273 2277 414 2324 Vergil.
441 2278 482 2314 G.
509 2278 559 2313 III
585 2281 653 2313 207
679 2277 868 2322 negaba-nt
894 2305 901 2313 .
923 2306 930 2314 .
951 2305 958 2312 .
987 2277 1086 2312 duris
1112 2288 1240 2322 parere
1267 2276 1416 2321 lupatis.
