1563 2511
344 173 551 215 Torrente
582 173 730 227 lingua
761 175 1001 226 perstrepo:
1357 178 1407 203 165

342 231 439 273 Tibi
470 246 547 273 nec
581 246 702 272 aures
737 231 980 285 ambigunt,
1365 236 1407 267 10

343 290 432 332 Nec
465 293 698 344 occupatur
730 291 890 345 pagina

342 350 401 391 Et
432 351 549 391 mota
581 363 706 403 parce
739 350 913 390 dextera

343 408 476 450 Volat
506 423 580 462 per
614 422 772 462 aequor
804 421 982 448 cereum.

344 465 452 508 Cum
485 467 667 508 maxime
699 481 811 507 nunc
843 466 1076 520 proloquor
1358 474 1408 499 170

345 525 731 580 Circumloquentis
765 526 949 578 ambitu,
1366 533 1407 563 15

344 585 410 626 Tu
443 599 567 626 sensa
599 585 737 626 nostri
769 584 954 638 pectoris

343 644 429 684 Vix
460 644 574 684 dicta
605 644 692 684 iam
725 644 832 684 ceris
863 645 996 684 tenes.

346 702 510 745 Sentire
542 705 631 744 tam
665 703 792 744 uelox
825 701 931 742 mihi

344 761 514 802 Vellem
547 761 732 802 dedisset
764 776 884 802 mens
918 775 1030 813 mea,
1358 767 1410 793 175

346 820 485 869 Quam
517 821 732 875 praepetis
766 821 938 861 dextrae
970 819 1075 874 fuga
1366 826 1410 857 20

347 880 411 920 Tu
444 894 509 920 me
543 880 789 933 loquentem
822 879 1060 933 praeuenis.

348 938 469 992 Quis,
502 953 678 992 quaeso,
711 938 805 992 quis
839 952 906 978 me
939 936 1157 991 prodidit?

348 996 452 1045 Quis
486 997 570 1038 ista
601 997 689 1038 iam
723 997 832 1037 dixit
863 996 963 1049 tibi,

348 1056 465 1104 Quae
497 1056 745 1110 cogitabam
778 1055 946 1096 dicere?
1362 1063 1414 1088 180

350 1115 466 1163 Quae
498 1115 615 1155 furta
646 1115 771 1156 corde
804 1114 848 1155 in
880 1113 1033 1155 intimo
1369 1121 1413 1151 25

347 1174 532 1215 Exercet
565 1174 653 1214 ales
688 1172 892 1214 dextera?

349 1232 451 1281 Quis
486 1232 590 1273 ordo
623 1247 765 1272 rerum
797 1235 887 1272 tam
918 1244 1077 1283 nouus,

347 1291 509 1332 Veniat
541 1291 586 1331 in
618 1305 741 1332 aures
774 1294 822 1331 ut
853 1294 969 1343 tuas,

349 1349 472 1398 Quod
504 1350 656 1405 lingua
687 1350 875 1391 nondum
909 1347 1177 1389 absoluerit‘?
1367 1358 1416 1382 185

349 1409 562 1450 Doctrina
592 1423 679 1450 non
710 1408 793 1449 hoc
825 1408 1042 1462 praestitit
1372 1416 1416 1446 30

348 1466 441 1509 Nec
473 1468 563 1508 ulla
594 1470 686 1508 tam
717 1468 843 1508 uelox
876 1481 1026 1508 manus

351 1525 614 1580 Celeripedis
648 1526 907 1580 compendii:

350 1585 520 1627 Natura
553 1600 706 1626 munus
737 1586 819 1626 hoc
850 1585 931 1626 tibi

351 1644 550 1698 Deusque
584 1644 741 1685 donum
773 1644 966 1697 tradidit,
1370 1652 1420 1677 190

352 1703 468 1752 Quae
500 1704 715 1757 loquerer,
746 1706 795 1743 ut
827 1704 955 1744 scires
988 1702 1109 1756 prius
1375 1710 1418 1741 35

352 1761 554 1816 Idemque
585 1762 737 1812 uelles,
771 1762 883 1815 quod
915 1761 1027 1802 uolo.

168 1905 210 1936 10
235 1901 378 1945 tibique
406 1902 440 1935 Z
472 1912 542 1946 que
569 1912 634 1936 om.
662 1902 850 1936 Amantius
876 1903 973 1935 1496
1072 1904 1114 1934 12
1141 1899 1267 1944 parce]
1294 1900 1357 1944 pte
1390 1898 1423 1932 T

71 1960 163 1993 pace
189 1948 223 1983 G
320 1953 363 1983 16
389 1951 431 1984 tu
454 1950 567 1983 minio
592 1959 637 1983 ss.
668 1949 700 1982 T
797 1952 837 1982 17
864 1948 928 1982 uix
955 1948 988 1982 G
1013 1947 1070 1981 uis
1099 1948 1143 1981 M
1171 1948 1233 1981 uel
1262 1947 1294 1980 T
1317 1949 1321 1989 Ι
1345 1947 1419 1980 iam

73 1995 182 2041 ceris]
207 1996 339 2031 iaceris
369 1996 401 2030 T
493 2000 537 2030 25
564 1996 602 2030 in
627 2007 692 2030 om.
721 1996 752 2029 T
847 1999 891 2030 26
919 2006 1045 2030 exerce
1071 1995 1165 2029 tales
1193 1994 1242 2028 M
1273 2004 1420 2028 exerces

73 2044 168 2078 tales
198 2044 230 2078 T
325 2047 368 2078 27
400 2055 521 2078 rerum
549 2043 637 2077 ordo
665 2042 715 2077 M
806 2047 849 2077 30
882 2043 953 2077 hoc
979 2042 1014 2076 Z
1048 2041 1142 2077 haec
1175 2041 1326 2076 Vinctus

76 2094 118 2124 31
145 2090 265 2125 ullata
291 2090 324 2125 G
422 2094 465 2125 35
492 2090 594 2136 prius
621 2090 733 2125 scires
761 2090 793 2124 G
