1563 2511
547 101 605 106 -
666 89 795 118 LVIIII
857 101 911 107 —-

0 207 1 214 ¹
59 217 130 260 II.
172 216 393 259 Deriuati
425 227 485 259 ex
511 216 700 258 ultimis
733 216 977 269 archetypi
1007 217 1400 268 quaternionibus

0 252 3 270 l

0 279 2 341 ξ
622 287 832 340 abreptis

0 347 1 377 I
145 369 423 425 Singulorum
438 371 630 412 codicum
651 370 930 423 descriptioni
951 370 1179 423 praemitto
1208 371 1402 412 tabulam
1424 381 1458 414 Z

57 430 372 483 opusculorum,
393 444 501 484 quae
520 429 645 470 huius
666 428 854 469 familiae
875 429 996 469 libris
1013 429 1064 469 ad
1078 444 1156 470 nos
1177 432 1399 471 uenerunt.

56 502 133 529 nec
165 490 311 528 tamen
344 488 450 529 satis
479 489 530 529 ad
564 503 654 529 rem
689 488 913 528 uidebatur
937 487 1204 528 breuiculum
1231 490 1399 529 tantum

57 561 202 588 eorum
223 561 442 588 recensum
464 547 582 588 dare:
611 547 910 588 describendae
934 549 1056 587 erant
1077 549 1284 600 quantum
1311 547 1401 588 fieri

153 662 346 698 Thuaneus
374 663 496 697 Paris.
523 665 622 697 8069
648 674 675 696 s.
696 662 746 696 XI
772 661 794 697 f.
820 665 884 696 127
907 662 1002 706 (arta
1021 662 1292 696 necessitudine
1320 673 1401 696 cum

55 709 91 743 B
124 709 354 753 coniunctus,
393 710 457 744 sed
494 709 612 744 altera
643 721 690 743 m.
723 709 910 753 permulta
947 709 985 743 in
1021 709 1182 744 deterius
1217 709 1401 752 mutauit).

57 756 202 791 accedit

151 804 380 839 Petauianus
404 803 585 838 NHeinsii
611 803 663 848 <in
690 815 761 848 quo
792 803 904 838 etiam
932 804 1120 848 catalepta
1146 803 1323 847 Maronis)

149 851 214 885 His
242 851 442 886 deteriores
470 851 582 885 etiam
609 852 694 885 sunt
719 850 804 884 libri
830 850 1069 885 Sidoniani
1096 864 1121 885 s,
1144 850 1223 895 XII,
1254 862 1344 894 quos
1374 852 1404 884 Φ
1433 852 1462 884 Φ

55 898 182 932 littera
203 898 487 943 comprehendo,
508 897 795 932 monosticha
816 899 965 932 autem
985 898 1083 932 sola
1102 898 1259 932 habent:
1281 898 1401 932 Paris.

55 947 162 988 2732,
182 946 357 980 Laurent.
380 948 437 988 45,
457 948 517 988 26,
537 945 648 980 Rern.
668 947 752 987 285,
773 945 1042 990 Dffontz'spesszd.
1063 945 1168 979 schol.
1190 946 1277 980 med.
1303 945 1353 980 H.
1369 948 1401 979 4.

56 1003 212 1036 quorum
238 992 359 1026 ultimi
387 993 458 1027 duo
486 1004 567 1027 cum
594 992 801 1026 Mellicensi
827 992 920 1027 libro
948 992 1099 1036 cognati
1125 995 1225 1034 sunt,
1257 992 1404 1027 accedit

56 1050 166 1083 saepe
201 1039 504 1074 Suetonianus
542 1039 637 1073 liber
676 1040 795 1073 Paris.
831 1042 925 1074 5801
959 1051 984 1074 s.
1023 1040 1106 1082 XII,
1145 1039 1208 1083 qui
1242 1039 1280 1074 in
1319 1039 1402 1074 aliis

56 1087 212 1121 classem
243 1089 283 1120 Ψ
304 1087 468 1131 sequitur
494 1088 553 1130 (=
575 1086 787 1121 Schenkelii
814 1087 987 1132 αηπρβ).

149 1134 238 1168 Post
269 1134 559 1168 monosticha
597 1135 793 1168 seruarunt
828 1135 883 1178 (ut
916 1133 1156 1177 Mellicensis)
1189 1133 1403 1167 tetrasti-

55 1182 235 1215 chorum
275 1194 335 1215 uu.
377 1185 393 1214 1
440 1182 478 1215 et
521 1185 541 1215 2>
586 1180 673 1215 libri
724 1182 763 1214 Ψ
803 1180 1094 1215 Suetoniani:
1140 1181 1259 1215 Paris.
1308 1183 1404 1215 5802
1442 1183 1481 1214 Ψ

56 1240 83 1263 s.
110 1227 205 1270 XIII,
233 1229 352 1263 Paris.
382 1231 475 1263 6116
503 1241 528 1262 s.
557 1227 625 1262 XII
652 1227 701 1270 <in
736 1228 808 1262 hoc
834 1230 872 1262 et
898 1239 940 1261 eo
968 1229 1031 1271 qui
1058 1227 1224 1271 sequitur
1251 1228 1401 1262 Sidonio

55 1275 275 1319 adscripta),
313 1276 489 1310 Laurent.
526 1278 591 1318 64,
623 1278 646 1309 8
679 1287 705 1310 s,
739 1274 845 1317 XIII,
879 1275 1054 1309 Lcmreut.
1089 1279 1158 1318 66,
1191 1278 1235 1309 39
1269 1287 1295 1308 s.
1323 1275 1402 1318 XII,

57 1322 168 1357 Rern.
195 1325 266 1357 104
293 1335 319 1356 s.
340 1322 445 1356 XIIII
466 1323 583 1365 (cuius
605 1322 860 1366 apographum
882 1322 921 1357 P.
943 1321 1106 1357 Danielis
1127 1333 1237 1356 manu
1264 1321 1402 1356 factum

53 1372 110 1404 est
141 1370 250 1404 Rern.
281 1372 350 1404 189
384 1381 418 1404 n.
446 1371 481 1413 4)
507 1371 864 1415 membrcmaceusque
896 1369 1020 1404 nescio
1054 1369 1135 1413 quis
1168 1370 1214 1404 ab
1247 1369 1402 1404 Heinsio

55 1416 223 1451 conlatus
249 1418 307 1461 (=
329 1416 541 1451 Schenkelii
567 1418 756 1461 γδθκοτ).

152 1464 289 1498 Horum
318 1464 481 1499 omnium
509 1476 552 1498 ex
578 1463 680 1498 nullo
706 1476 752 1498 ne
779 1463 932 1508 exiguus
965 1464 1113 1508 quidem
1143 1464 1285 1498 fructus
1314 1463 1402 1498 Cae-

57 1510 200 1545 saribus
232 1511 425 1545 redundat.
491 1511 738 1555 corruptionis
771 1511 884 1545 latius
917 1511 1098 1556 serpentis
1129 1511 1168 1545 in
1199 1512 1256 1544 his
1296 1510 1402 1545 libris

54 1559 124 1592 hoc
162 1560 217 1592 est
255 1558 496 1602 praecipuum
535 1559 760 1602 exemplum:
800 1558 862 1602 qui
902 1563 987 1593 sunt
1024 1558 1196 1593 meliores
1230 1559 1273 1599 Y,
1320 1569 1403 1592 cum

54 1605 159 1639 libris
191 1606 353 1639 BPZR
394 1605 614 1650 simpliciter
648 1605 826 1640 omittunt
858 1607 1013 1640 monost.
1048 1609 1091 1640 28
1119 1606 1157 1640 et
1186 1609 1248 1645 3ος
1286 1604 1404 1640 altera

57 1652 184 1686 classis
214 1654 244 1686 Φ
275 1663 348 1686 non
383 1653 525 1687 omittit
554 1654 699 1687 tantum
728 1664 806 1695 eos,
840 1653 904 1687 sed
930 1653 968 1686 in
993 1652 1116 1686 locum
1143 1651 1270 1686 amissi
1295 1664 1329 1686 u.
1358 1656 1402 1686 30

57 1699 268 1744 transponit
287 1712 321 1734 u,
343 1704 404 1741 33;
430 1700 564 1734 tertiae
585 1702 623 1734 et
649 1701 802 1744 quartae
832 1700 922 1733 ΧΨ
942 1699 1085 1734 codices
1107 1699 1253 1734 omissis
1276 1710 1336 1733 uu.
1358 1703 1401 1734 28

57 1749 95 1781 et
121 1751 165 1781 30
190 1747 427 1791 repositoque
453 1747 489 1781 in
516 1758 645 1781 uersus
667 1751 711 1781 30
732 1747 853 1781 locum
873 1758 984 1780 uersu
1005 1751 1048 1781 33
1075 1757 1212 1780 nouum
1239 1746 1404 1781 condunt

54 1805 199 1827 uersum
234 1798 297 1837 26,
330 1794 395 1837 qui
426 1794 464 1828 in
497 1794 648 1838 optimis
680 1793 890 1836 interierat,
924 1793 1057 1828 deinde
1091 1794 1266 1837 supplent
1298 1805 1332 1828 u.
1360 1797 1403 1828 28

53 1840 122 1884 bis,
149 1841 306 1885 denique
332 1852 430 1875 nouo
458 1842 635 1884 figmento
661 1841 851 1884 lacunam,
879 1852 973 1884 quae
1001 1841 1153 1885 expulso
1181 1853 1214 1876 u.
1243 1845 1285 1875 33
1316 1842 1404 1875 nata

54 1892 150 1931 erat,
178 1889 338 1932 explent.

148 1935 200 1969 De
236 1935 292 1969 his
320 1934 487 1970 omnibus
514 1934 697 1969 uidendus
728 1934 899 1970 Schenkl.
928 1948 962 1979 p.
990 1934 1140 1976 XLVII,
1173 1935 1236 1978 qui
1268 1935 1404 1979 pleros-

55 1993 124 2025 que
144 1981 276 2016 habuit
296 1983 473 2017 conlatos.
512 1994 648 2027 paucos
675 1983 754 2026 ipse
782 1982 907 2025 habui,
936 1981 979 2016 de
1007 1983 1139 2026 quibus
1160 1983 1234 2016 uid.
1256 1982 1401 2017 Ueberl.

60 2033 127 2063 302
143 2040 221 2073 sqq.

147 2076 188 2109 In
229 2076 355 2110 multis
399 2076 482 2110 aliis
521 2076 624 2110 libris
663 2077 825 2110 nondum
871 2076 1028 2111 conlatis
1072 2076 1305 2111 monosticha
1349 2077 1402 2110 in-

55 2123 253 2157 ueniuntur
285 2134 315 2157 e.
348 2135 382 2167 g.
409 2123 602 2157 Vaticanis
636 2128 725 2158 1909
753 2125 791 2158 et
817 2127 905 2158 1911
935 2126 971 2158 et
997 2127 1088 2158 3683
1122 2136 1147 2158 s.
1176 2123 1276 2162 XVI,
1314 2123 1404 2157 Bar-

56 2170 183 2204 berino
216 2174 307 2204 ‘2127
341 2182 367 2204 s.
401 2170 503 2212 XVI,
535 2170 882 2205 Vindobonensibus
917 2174 985 2205 264
1018 2173 1055 2205 et
1087 2174 1154 2205 265
1193 2171 1301 2205 Endl.
1338 2170 1405 2204 XV

57 2218 155 2261 (post
194 2217 441 2260 Suetonium),
481 2217 671 2252 Sedinensi
708 2218 796 2252 bibl.
837 2218 968 2262 Gymn.
1008 2218 1054 2252 ad
1094 2218 1127 2251 S.
1166 2218 1321 2252 Mariam
1357 2221 1401 2251 27

57 2276 83 2298 s.
111 2263 215 2298 XIIII
241 2265 383 2308 (uersus
411 2264 589 2309 sydonii),
618 2266 734 2300 musei
754 2265 919 2300 Britann.
947 2265 1030 2299 add.
1058 2277 1123 2300 mS.
1150 2269 1277 2309 12‚009
1305 2266 1403 2309 (post

59 2311 307 2355 Suetonium),
335 2323 489 2356 quorum
517 2312 693 2347 lectiones
720 2323 827 2347 nemo
853 2312 927 2347 iam
948 2312 1185 2347 desiderabit.
