1563 2511
65 148 138 180 [2032

664 33 949 74 -62-

196 134 293 169 XIII.
333 101 539 171 CITARIO,
553 135 722 171 SICVLO
750 135 1073 172 SYRACVSANO
1101 136 1424 174 GRAMMATICO

511 187 873 224 BVRDIGALENSI
901 188 1105 225 GRAECO.

133 248 208 300 Et,
241 247 377 290 Citari
410 247 582 303 dilecte,
613 249 720 291 mihi
753 249 1066 304 memorabere,
1097 249 1251 305 dignus

194 306 512 349 Grammaticos
543 308 656 349 inter
688 308 761 362 qui
792 308 1005 349 celebrere
1037 308 1186 349 bonos.

132 366 262 407 Esset
294 366 535 408 Aristarchi
567 366 648 408 tibi
680 367 819 421 gloria
852 365 1143 421 Zenodotique

192 424 440 480 Graiorum,
473 425 676 478 antiquus
709 425 746 466 si
778 427 1027 480 sequeretur
1058 425 1208 467 honos.

134 481 419 538 Carminibus,
451 497 560 537 quae
592 484 734 538 prima
764 484 850 525 tuis
883 486 985 525 sunt
1017 484 1189 525 condita
1219 485 1265 526 in
1297 486 1434 541 annis,
1460 497 1481 528 5

191 541 400 584 Concedit
432 539 508 583 Cei
539 556 663 584 musa
695 541 943 584 Simonidei.

131 599 249 642 Vrbe
283 604 402 642 satus
436 600 580 642 Sicula
610 603 805 642 nostram
837 601 1088 656 peregrinus
1121 602 1268 657 adisti,

189 660 420 702 Excultam
453 659 605 701 studiis
637 675 765 714 quam
797 675 976 714 propere
1010 660 1215 702 edideras.

133 717 393 774 Coniugium
424 721 607 760 nanctus
640 719 725 760 cito
757 719 915 761 nobilis
949 721 991 760 et
1022 719 1268 774 locupletis,

189 777 360 819 Inuidia
390 777 471 818 fati
501 792 590 819 non
621 778 792 832 genitor
823 778 1013 820 moreris.
1434 790 1478 822 10

131 837 190 877 At
221 851 301 878 nos
335 835 584 878 defunctum
616 837 798 877 memori
830 837 1095 878 celebramus
1127 836 1309 892 honore,

188 894 394 937 Fouimus
427 897 475 936 ut
505 894 653 936 uiuum
685 909 861 936 munere
894 895 1119 937 amicitiae.

62 999 138 1029 [204]
274 985 389 1021 XIIII.
429 985 668 1022 CENSORIO
693 986 872 1022 ATTICO
900 986 1095 1021 AGRICIO
1120 987 1350 1023 RHETORI.

130 1046 307 1102 Eloquii
338 1048 494 1089 merito
527 1047 678 1102 primis
711 1047 949 1101 aequande,
980 1047 1120 1102 fuisti,

188 1106 356 1161 Agrici,
386 1107 553 1160 positus
586 1106 824 1161 posteriore
855 1106 969 1148 loco:

130 1164 250 1206 Aeuo
288 1165 360 1220 qui
392 1165 596 1219 quoniam
629 1165 800 1219 genitus
832 1164 1088 1219 functusque
1120 1165 1302 1219 recenti,

188 1223 361 1265 Dilatus
394 1223 538 1277 nobis,
569 1237 659 1264 non
690 1226 732 1265 et
765 1223 950 1264 omissus
983 1238 1090 1265 eras.

130 1281 404 1337 Quocumque
437 1283 482 1323 in
512 1296 708 1337 numero,
739 1282 857 1323 tristi
889 1283 1183 1324 memorabere
1214 1283 1389 1325 threno:
1456 1295 1476 1326 5

188 1341 312 1382 Vnus
343 1341 481 1382 honos
513 1341 685 1395 tumuli,
717 1355 835 1382 serus
869 1343 911 1382 et
943 1343 1043 1382 ante
1075 1342 1213 1383 datus.

130 1399 237 1441 Tam
270 1400 437 1455 generis
469 1399 550 1441 tibi
581 1400 719 1441 celsus
752 1414 877 1453 apex,
910 1414 1038 1454 quam
1071 1400 1210 1455 gloria
1240 1400 1375 1456 fandi,

189 1458 339 1500 Gloria
370 1458 584 1500 Athenaei
616 1459 792 1513 cognita
825 1458 923 1499 sede
954 1459 1050 1501 loci.

131 1515 315 1558 Nazario
349 1520 391 1558 et
423 1517 537 1558 claro
571 1517 786 1572 quondam
817 1517 962 1558 delata
994 1517 1174 1559 Paterae

185 1576 373 1631 Egregie
405 1576 566 1618 multos
599 1576 786 1618 excoluit
813 1576 1001 1617 iuuenes.
1431 1588 1474 1620 10

128 1635 321 1690 Coniuge
353 1649 465 1676 nunc
496 1635 692 1690 natisque
726 1634 1031 1689 superstitibus
1065 1648 1306 1689 generoque

184 1693 399 1735 Maiorum
430 1708 579 1735 manes
613 1697 656 1735 et
687 1696 964 1736 monumenta
996 1693 1132 1735 foues.

221 1785 308 1820 XIII
340 1797 554 1820 smAcvsANO
580 1798 782 1820 GRAMATmo
809 1798 985 1820 BVRDIGAL
1013 1798 1122 1819 cneco
1153 1784 1188 1819 V
1304 1789 1320 1819 1
1355 1785 1474 1830 cipari

135 1833 190 1876 Vl
213 1833 356 1868 delecte
390 1833 435 1867 V¹
533 1836 553 1866 2
581 1833 722 1868 ceclare
758 1833 791 1866 V
812 1843 903 1867 corr.
930 1833 1103 1878 Laqdmz.
1201 1835 1224 1865 4
1254 1831 1410 1867 Grauior
1442 1832 1478 1867 V

126 1913 215 1938 corr.
243 1903 424 1947 Goropz'us
449 1902 572 1948 graios
597 1902 749 1937 Schenkl
770 1903 774 1946 1
797 1901 947 1946 antique
979 1902 1013 1936 V
1105 1907 1125 1936 5
1159 1887 1234 1936 su¹it
1266 1901 1323 1945 Vl
1346 1902 1469 1948 annis]

125 1950 223 1985 aruis
249 1950 434 1985 Baehrens
507 1954 527 1984 6
554 1960 621 1984 ceu
647 1951 704 1994 (ex
730 1949 786 1983 cai
810 1950 857 1984 al.
877 1950 919 1984 ni
938 1950 965 1993 f.
986 1950 1092 1993 corr.)
1119 1949 1153 1982 V
1169 1959 1258 1984 corr.
1282 1948 1473 1984 Pulmann

172 2001 192 2031 8
214 2008 327 2042 prope
340 1996 554 2031 reddideras
577 1997 610 2031 V
626 2007 714 2031 corr.
732 1996 930 2031 Mommsen
949 2000 980 2031 et
997 1997 1182 2031 Baehrens
1243 2000 1262 2030 9
1278 1998 1428 2030 nactus:
1450 2007 1473 2030 a

125 2066 168 2091 ex
188 2067 208 2090 ο
229 2056 285 2090 uel
304 2068 328 2089 u
347 2056 408 2097 al„
428 2067 447 2090 c
466 2056 512 2090 al.
536 2055 570 2088 V
641 2059 684 2089 10
704 2055 742 2089 in
762 2047 863 2089 uidifij
884 2055 918 2088 V
933 2065 1022 2090 corr.
1044 2055 1217 2099 Luydun.
1294 2058 1335 2088 11
1357 2054 1404 2089 acl
1425 2054 1470 2088 V1

220 2114 321 2148 XIlII
347 2126 474 2148 esrom
498 2113 533 2148 V
619 2118 638 2148 2
666 2114 861 2158 posteriori
886 2113 921 2147 V
941 2124 1031 2148 corr.
1053 2113 1226 2158 Luyclun.
1319 2116 1339 2147 3
1366 2112 1472 2148 aEuo

125 2163 161 2205 (a
187 2165 270 2196 ante
295 2164 455 2204 uersum)
483 2161 515 2195 V
609 2165 629 2195 6
656 2161 768 2195 h0n0s
795 2160 828 2195 V
920 2163 940 2194 8
968 2160 1145 2205 athensei:
1172 2172 1196 2194 n
1222 2170 1265 2194 ea:
1291 2171 1337 2204 m,
1366 2171 1388 2194 a
1412 2160 1471 2195 uel

124 2209 136 2242 i
162 2219 262 2243 eraso
295 2208 352 2252 V}
380 2211 464 2252 post
489 2208 522 2243 h.
549 2219 584 2243 u.
612 2209 785 2243 excidisse
816 2208 994 2243 distichon
1022 2209 1196 2252 opinatur
1221 2206 1375 2242 Schenkl

127 2259 169 2289 10
196 2255 367 2300 egregiae
399 2254 433 2288 V
