1563 2511
605 103 659 107 —-
722 79 806 120 305
868 103 925 107 -—-

96 184 282 238 Excitet,
315 186 362 224 ut
393 184 561 237 lapsum
594 186 718 224 rectis
750 185 959 224 instauret
992 188 1173 225 amicum

97 243 290 284 Moribus
323 244 366 283 et
397 242 564 283 monitu
595 244 763 296 reparet
798 241 976 283 meliora
1010 257 1168 285 seuero.

156 301 216 342 At
241 302 276 342 si
301 300 411 342 forte
443 300 610 354 itidem,
643 300 756 354 quod
785 300 872 355 legi
899 302 940 341 et
966 301 1077 354 quod
1105 315 1274 356 sequor,
1307 301 1437 352 audis,

33 413 38 417 Δ
97 359 236 402 Corda
267 359 338 413 pio
372 358 543 401 uouisse
576 359 654 400 deo
688 359 930 400 uenerabile
963 358 1127 401 Christi

96 418 327 472 Imperium
361 418 487 459 docili
517 432 593 472 pro
626 417 878 459 credulitate
912 421 1156 470 sequentem
1372 429 1438 460 280

97 477 436 531 Persuasumque
469 476 536 517 dei
567 476 743 518 monitis
775 478 949 518 aeterna
979 476 1121 530 parari

97 535 292 577 Praemia
322 536 492 577 mortali
525 535 692 577 damnis
723 535 1022 590 praesentibus
1055 538 1215 589 empta,

96 593 195 636 Non
229 609 323 635 reor
354 594 396 635 id
430 596 576 635 sancto
611 594 671 636 sic
708 594 978 648 displicuisse
1010 595 1193 648 parenti,

96 653 252 694 Mentis
284 656 332 694 ut
365 667 552 695 errorem
584 653 728 695 credat
759 654 819 694 sic
851 653 995 694 uiuere
1029 651 1221 707 Christo,

97 712 157 753 Vt
185 711 381 753 Christus
415 712 567 754 sanxit.
618 713 738 754 iuuat
768 712 850 753 hoc
881 726 958 753 nec
990 712 1183 766 paenitet
1215 712 1339 752 huius
1372 722 1438 753 285

96 771 279 812 Eri-oris.
331 771 487 812 stultus
521 771 689 813 diuersa
721 770 997 826 sequentibus
1030 784 1122 811 esse

97 829 170 870 Nil
202 844 363 884 moror,
396 832 567 871 aeterno
600 844 696 871 mea
728 830 826 871 dum
860 830 1074 870 sententia
1105 829 1195 884 regi

99 888 164 929 Sit
179 888 362 942 sapiens.
384 889 525 943 breue,
535 889 739 943 quidquid
749 888 876 931 homo
888 890 963 942 est,
972 888 1099 930 homo
1113 889 1301 942 corporis
1312 888 1442 943 aegri,

98 947 321 1001 Temporis
354 947 516 989 occidui
549 951 591 989 et
623 948 714 989 sine
746 946 919 989 Christo
951 947 1093 1001 puluis
1127 949 1170 987 et
1200 947 1369 988 umbra:

99 1005 221 1055 Quod
247 1006 405 1061 probat
431 1009 505 1048 aut
531 1006 720 1061 damnat,
745 1007 855 1048 tanti
877 1008 953 1059 est⁷
981 1005 1130 1060 quanti
1151 1006 1311 1047 arbiter
1337 1006 1441 1060 ipse.

98 1064 194 1118 Ipse
227 1065 320 1106 obit
352 1067 477 1120 atque
509 1065 573 1106 illi
606 1080 706 1107 suus
740 1067 805 1106 est
837 1064 1096 1107 comitabilis
1130 1078 1247 1105 error
1373 1075 1439 1106 291

99 1122 288 1178 Cumque
323 1138 397 1165 suo
431 1124 616 1166 moriens
651 1124 864 1166 sententia
895 1123 1030 1164 iudice
1063 1123 1229 1164 transit.

157 1182 215 1223 Et
246 1183 348 1236 nisi,
381 1183 480 1224 dum
513 1186 681 1237 tempus
713 1197 913 1236 praesens
947 1182 1088 1235 datur,
1122 1183 1249 1222 anxia
1281 1181 1403 1223 nobis

99 1239 210 1282 Cura
243 1242 300 1282 sit
332 1241 383 1282 ad
417 1241 575 1283 domini
607 1244 882 1295 praeceptum
913 1240 1058 1282 uiuere
1091 1238 1270 1294 Christi,

100 1299 203 1341 Sera
236 1301 316 1341 erit
347 1301 484 1342 exutis
516 1300 679 1342 homini
713 1299 979 1354 querimonia
1010 1299 1230 1352 membris,
1376 1309 1441 1340 295

98 1358 211 1400 Dum
244 1359 358 1400 leuia
388 1359 601 1401 humanae
633 1359 786 1401 metuit
818 1358 1011 1400 conuicia
1046 1358 1230 1412 linguae,

98 1416 198 1459 Non
230 1417 424 1460 timuisse
457 1432 609 1473 graues
642 1418 777 1460 diuini
808 1417 958 1459 iudicis
991 1417 1093 1471 iras3

100 1475 233 1525 Quem
266 1477 402 1531 patris
436 1477 597 1518 aeterni
630 1477 737 1518 solio
770 1476 1001 1529 dextraque
1035 1475 1265 1528 sedentem,

101 1534 308 1577 Omnibus
342 1536 575 1590 inpositum
607 1549 752 1591 regem
785 1538 828 1576 et
858 1534 1104 1576 labentibus
1139 1534 1260 1575 annis

100 1593 356 1646 Venturum,
388 1597 437 1636 ut
469 1598 643 1636 cunctas
675 1596 858 1648 aequato
892 1593 1085 1634 examine
1118 1595 1266 1647 gentes
1377 1601 1443 1633 300

100 1652 264 1694 Iudicet
296 1656 337 1694 et
369 1653 501 1695 uariis
534 1653 692 1695 referat
723 1668 800 1694 sua
832 1652 1018 1707 praemia
1052 1652 1203 1706 gestis,

195 1772 263 1804 276
289 1769 480 1804 instauraet
506 1770 545 1803 H
615 1772 682 1804 277
709 1779 880 1813 reparare
907 1768 934 1801 S
1008 1770 1075 1802 278
1101 1766 1159 1800 Ad
1192 1766 1269 1800 VH
1295 1766 1359 1800 aut
1384 1764 1413 1799 S
1439 1765 1443 1810 Ι

101 1816 239 1851 ididem
265 1816 293 1850 S
389 1820 456 1851 279
490 1815 636 1851 nouisse
668 1820 709 1851 ut
739 1816 816 1852 uid.
844 1815 880 1849 P
918 1814 1086 1850 uobisse:
1119 1815 1143 1849 b
1169 1824 1212 1849 ex
1237 1824 1261 1847 u
1289 1823 1347 1857 pr.
1375 1814 1414 1847 H
1441 1813 1443 1857 Ι

101 1864 227 1899 dextro
252 1873 364 1909 mara.
398 1866 435 1904 >¹4
468 1862 503 1897 V
582 1866 651 1898 280
676 1864 872 1908 loquentes
893 1862 929 1897 P
999 1865 1064 1897 281
1093 1861 1180 1906 que]
1208 1872 1241 1904 q:
1268 1860 1448 1904 pmzfctilla

103 1911 149 1945 al.
176 1913 217 1945 ut
242 1911 337 1953 uid„
358 1913 485 1955 postea
510 1910 652 1955 aliquid
677 1921 819 1946 erasum
850 1909 905 1951 V!
929 1909 1003 1955 dei]
1031 1909 1134 1944 sedet
1165 1908 1198 1942 V
1220 1909 1350 1942 tenens
1378 1906 1413 1941 P
1437 1906 1440 1951 Ι

102 1957 237 1992 montis
264 1957 292 1992 S
326 1957 488 1992 monitus
521 1958 588 2000 (sic
612 1960 636 1991 li
663 1968 734 2003 pro
759 1960 797 2002 u)
825 1959 863 1991 H
900 1958 905 2001 Ι
945 1955 1084 2001 parari]
1117 1954 1224 2001 peuri
1251 1954 1286 1989 P
1380 1957 1447 1989 282

102 2003 320 2049 praesentib·
355 2004 389 2037 V
482 2008 550 2040 283
578 2007 704 2040 sancto
734 2004 847 2038 PHS
885 2013 973 2038 sano
1008 2003 1042 2037 V
1067 2002 1071 2048 Ι
1107 2001 1336 2047 displicuisse
1372 2001 1405 2034 Γ

104 2079 172 2110 284
199 2075 228 2110 si
254 2074 281 2109 S
378 2078 565 2110 285-331
592 2086 658 2111 om.
686 2074 722 2109 P
804 2077 870 2109 285
900 2073 1044 2109 sancxit
1069 2075 1108 2107 H
1133 2057 1271 2107 sanS‘sit
1304 2071 1338 2105 V
1358 2073 1360 2110 Ι
1383 2081 1448 2123 nee

103 2133 167 2158 om.
197 2124 235 2156 H
259 2124 265 2165 1
299 2121 441 2167 penitet
473 2122 540 2157 VS
635 2125 702 2157 287
729 2131 833 2156 mora
858 2121 887 2157 S
982 2123 1050 2155 288
1076 2119 1224 2165 rapiens
1250 2121 1289 2153 H
1315 2120 1319 2162 Ι
1349 2129 1449 2161 quic-

105 2169 193 2213 quid
208 2169 279 2204 HS
301 2172 305 2211 Ι
327 2169 438 2204 homo
465 2171 522 2204 est
546 2169 675 2214 homo]
703 2169 812 2204 homo
835 2170 890 2203 est
910 2167 938 2203 S
1010 2171 1079 2202 290
1107 2178 1179 2211 quo
1208 2165 1255 2200 V¹
1282 2165 1344 2209 qui
1373 2164 1420 2198 Γ2
1443 2164 1446 2209 Ι

107 2217 239 2260 probat
264 2216 344 2261 aut]
371 2216 470 2261 paba
495 2218 534 2251 ta
558 2217 600 2251 ut
625 2218 663 2250 H
735 2219 801 2251 291
830 2216 949 2260 adque
983 2214 1017 2249 V
1042 2217 1046 2258 Ι
1079 2214 1150 2259 est]
1178 2214 1255 2247 este
1282 2212 1312 2264 S
1381 2214 1448 2245 293

105 2263 152 2297 Et
183 2263 259 2297 VH
281 2262 330 2298 At
356 2263 383 2298 S
480 2268 547 2299 295
575 2265 703 2303 exutus
729 2263 757 2298 S
779 2264 783 2306 Ι
812 2262 964 2298 hominii
991 2263 1053 2305 ΠΙ
1086 2260 1340 2305 quaerimonia
1374 2258 1424 2311 I*v

106 2313 174 2344 296
196 2309 378 2354 conuicia]
401 2310 433 2345 V
498 2314 565 2347 298
587 2310 739 2345 dextera
754 2312 793 2344 H
857 2313 923 2344 301
946 2308 1076 2343 uariis:
1104 2309 1165 2343 alt.
1187 2307 1199 2340 i
1219 2308 1267 2350 (γ)
1289 2317 1331 2340 ea:
1353 2316 1367 2339 s
1392 2305 1415 2339 ῘΙ
1444 2305 1447 2350 Ι

178 2374 350 2402 Avsomvs.
1194 2369 1237 2398 20
