1563 2511
75 191 159 232 379

609 109 654 114 ..—
721 96 777 126 ΟΥ
841 108 894 113 --.

192 190 369 232 Pontius
407 189 654 231 Paulinus
701 204 750 230 ex
792 188 1029 243 Campania
1073 189 1116 229 in
1158 187 1415 242 Hispaniam

191 263 387 291 reuersus
409 248 660 289 Therasiam
682 248 810 300 ducit,
831 250 930 302 post
948 246 1214 301 Hebromagi
1234 247 1417 288 habitat.

74 335 104 362 c.
132 325 213 361 379
247 322 441 360 Paulini
485 322 642 360 oratio
694 324 752 366 (ef.
790 337 825 359 u.
867 324 923 366 17)
968 321 1017 359 ad
1059 321 1282 371 exemplum
1332 321 1416 358 eius

74 449 157 491 379

192 382 356 431 scripta,
383 394 483 430 quae
509 383 571 419 est
594 382 637 418 in
661 380 924 430 Ephemeride
950 380 1192 419 Ausoniana.

193 463 254 489 eX.
297 448 555 489 Ausonius
596 448 855 502 Burdigalae
900 450 1173 488 conmoratur
1212 450 1418 501 paternae

189 507 440 549 hereditatis
475 507 627 561 gratia.
677 506 738 547 ibi
768 506 1037 559 Paulinus,
1076 505 1311 547 Pellaeus
1345 505 1417 559 qui

189 567 320 620 uulgo
354 565 519 619 dieitur,
551 565 735 608 Ausonii
768 580 817 606 ex
850 565 1077 606 Thalassio
1109 579 1256 618 nepos,
1289 578 1417 605 auum

189 625 296 666 uidit
323 628 524 671 (Herediol.
545 628 672 663 insen:
708 639 790 661 cum
811 628 855 662 de
879 627 1020 672 palatio
1040 630 1124 672 post
1143 627 1281 662 multos
1301 636 1417 661 annos

191 681 496 716 honoratissimus
530 680 667 726 quippe
698 681 774 716 iam
809 681 938 715 consul
972 681 1130 715 redisset
1161 680 1209 714 ad
1244 679 1417 724 patriam.

189 728 336 763 Paulini
361 728 565 763 Eucharist.
593 732 744 764 43—49.
773 732 852 763 332.
880 732 947 763 248
963 739 1040 772 sqq.
1068 730 1164 772 422).

72 794 154 831 379
178 805 235 832 ex.
266 793 329 830 De
355 793 613 832 herediolo.

74 865 155 902 379

75 1284 159 1325 379

74 1554 157 1596 379

190 864 323 901 Libri
353 864 405 902 de
433 864 593 902 Fastis
621 876 708 901 cum
735 863 908 901 carmine
928 863 977 901 ad
998 863 1236 912 Hesperium
1260 865 1299 900 et
1325 875 1417 912 sup-

188 923 395 972 putatione
422 917 473 975 (I.
500 923 550 960 II.
581 924 675 961 147.
704 916 806 974 148)
836 925 984 966 <iterum
1010 926 1141 970 postea
1167 924 1345 969 Gregorio
1373 935 1417 958 ex

190 985 305 1029 praef.
339 984 441 1019 missi
472 984 548 1019 uid.
582 985 629 1018 ad
655 996 686 1020 a.
714 984 808 1023 383).
869 980 981 1018 Circa
1012 982 1117 1018 idem
1148 983 1306 1030 tempus
1338 980 1416 1018 He-

192 1041 320 1090 sperio
365 1041 485 1078 etiam
530 1039 759 1078 Caesares
798 1039 874 1076 XII
907 1052 954 1078 ex
986 1039 1173 1077 Suetonio
1212 1051 1418 1089 expressos

189 1099 540 1142 misissessuidetur.
591 1099 733 1148 quibus
764 1101 905 1147 postea
937 1099 1145 1147 quominus
1173 1099 1222 1135 ad
1250 1110 1322 1137 sua
1353 1110 1417 1135 us-

191 1171 265 1207 que
295 1160 476 1207 tempora
513 1158 579 1206 qui
616 1158 875 1206 imperatores
908 1157 1068 1195 fuerant
1105 1157 1280 1207 adderet,
1312 1169 1417 1195 mors

191 1216 406 1266 prohibuit.

192 1283 402 1324 Flauius
447 1282 690 1324 Afranius
732 1281 997 1336 Syagrius,
1042 1283 1095 1323 ab
1135 1283 1329 1324 Ausonio
1371 1285 1419 1323 ut

190 1342 360 1383 uidetur
390 1345 635 1395 reuocatus,
673 1341 880 1396 magister
913 1341 1151 1382 officiorum
1185 1348 1231 1385 (a.
1253 1353 1320 1383 369
1346 1347 1419 1382 fuit

191 1399 367 1434 notarius
395 1400 578 1433 Ammian.
598 1398 755 1433 XXVIII
768 1402 800 1441 2,
815 1402 846 1432 5.
863 1402 894 1433 9.
924 1397 1012 1432 Cod.
1033 1398 1215 1433 Theodos.
1230 1398 1298 1433 VH
1314 1402 1368 1441 12,
1383 1402 1416 1432 2.

192 1446 404 1490 Symmachi
430 1446 478 1479 ad
505 1457 588 1480 eum
614 1457 696 1490 epp.
724 1446 922 1480 194—107
950 1445 1055 1480 annis
1082 1449 1267 1481 379-381
1296 1446 1417 1481 datae.

190 1493 263 1528 uid.
292 1494 338 1528 ad
365 1504 396 1528 a.
419 1497 486 1528 380
513 1496 550 1528 et
576 1496 670 1536 381).

192 1553 442 1595 Aemilius
480 1553 696 1608 Magnus
729 1553 999 1608 Arborius,
1041 1553 1223 1595 Ausonii
1262 1568 1312 1595 ex
1351 1568 1416 1595 so-

190 1628 286 1654 rore
312 1628 457 1667 nepos‚
484 1627 624 1654 comes
650 1627 792 1654 rerum
819 1612 1086 1666 priuatarum
1112 1619 1212 1660 wod.
1236 1619 1417 1654 Theodos.

190 1670 335 1761 ἓξὲξ.
364 1669 578 1705 Ambrosius
599 1670 643 1704 de
665 1670 785 1704 officio
806 1669 962 1703 ministr.
983 1669 1034 1704 III
1057 1673 1087 1713 7,
1107 1673 1163 1704 46.
1184 1673 1240 1704 48.
1267 1669 1417 1714 Epiced.

73 1765 306 1808 379—380
338 1765 588 1807 Arborius
620 1765 861 1819 praefectus
900 1765 995 1806 urbi
1028 1771 1129 1813 (Cod.
1158 1772 1339 1806 Theodos.
1367 1772 1418 1806 VI

191 1826 246 1864 35,
268 1827 298 1857 9.
325 1822 429 1856 XIIII
450 1827 482 1866 3,
505 1826 559 1858 16.
587 1822 726 1866 Sulpie.
754 1822 876 1857 Seuer.
904 1822 990 1858 dial.
1016 1822 1068 1855 III
1089 1825 1143 1865 10,
1165 1827 1197 1857 6.
1234 1822 1299 1856 uit.
1320 1822 1416 1856 Mar-

190 1869 261 1905 tini
288 1874 342 1912 19,
365 1874 381 1904 1
398 1871 478 1915 sq.).

194 1918 529 2020 Ausontius3c51?
558 1918 664 1959 senii
690 1918 900 1960 molestiis
925 1919 1200 1973 conqueritur
1220 1925 1417 1969 <P1·0trept.

190 1988 243 2021 pr.
272 1979 313 2009 21
342 1986 360 2010 e
404 1988 437 2010 u.
523 2003 529 2010 .

74 2031 166 2077 post
197 2028 447 2066 consulatum
478 2027 720 2066 Ausonius
753 2040 843 2065 cum
873 2028 953 2066 iam
985 2041 1052 2066 sex
1084 2030 1124 2066 et
1155 2028 1323 2077 triginta
1349 2040 1418 2065 an-

194 2100 265 2125 nos
292 2087 456 2136 coniuge
484 2088 589 2124 esset
615 2087 766 2136 orbata⁷
792 2087 1072 2124 Parentalia
1097 2087 1302 2125 incohauit
1329 2087 1417 2131 (uid.

194 2141 240 2175 ad
266 2151 297 2175 a.
319 2144 398 2175 343.
432 2140 513 2175 Par.
534 2144 567 2184 4,
589 2144 650 2174 31:
690 2142 879 2184 quaestor,
911 2140 1138 2185 praefectus,
1166 2141 1303 2175 consul.
1344 2144 1376 2182 9,
1398 2143 1418 2173 8

193 2207 259 2241 per
283 2206 419 2230 nouem
444 2197 481 2230 te
508 2196 577 2230 fleo
599 2195 861 2240 olympia(las);
895 2193 963 2230 sed
988 2196 1127 2242 postea
1153 2193 1310 2230 demum
1331 2204 1420 2229 cum

193 2251 466 2289 Professorum
503 2251 855 2301 Burdigalensium
899 2252 1038 2301 elogiis
1083 2251 1132 2289 ad
1176 2252 1293 2289 finem
1332 2262 1419 2299 per-

194 2310 313 2348 ducta
344 2310 477 2348 edidit.
