1563 2511
615 48 899 89 -61-

425 153 615 194 Perdidit
646 153 691 193 in
723 152 851 194 senio.
1381 165 1423 194 41

426 210 499 253 Set
530 214 676 253 tamen
707 210 819 252 hunc
850 213 995 252 noster

349 280 392 312 55
426 268 790 311 Commemorauit
820 269 975 322 honos,
1380 281 1423 311 43

422 328 489 370 Ne
520 329 683 383 pariter
714 328 906 370 tumulus
1380 340 1423 371 55

423 386 593 429 Nomen
625 390 668 428 et
699 401 797 428 ossa
827 389 961 442 tegat.

0 563 78 598 1201]
189 548 251 585 XI.
277 549 575 585 HERCVLANO
603 548 805 584 SORORIS
832 548 958 584 FILIO
986 548 1310 584 GRAMMATICO

563 600 937 637 BVRDIGALENSI.

74 687 329 742 Herculane‚
361 687 446 741 qui⁷
477 687 695 740 profectus
728 686 893 741 gremio
927 686 978 727 de
1010 689 1161 727 nostro
1195 689 1238 727 et
1265 686 1423 740 schola,

76 746 203 801 Spem
228 746 382 800 magis,
415 760 543 800 quam
568 759 659 786 rem
685 744 909 786 fruendam
935 745 1172 798 praebuisti
1199 745 1423 800 auunculo,

74 805 297 859 Particeps
331 805 502 847 scholae
535 807 577 845 et
609 803 836 845 cathedrae
868 818 1001 857 paene
1035 818 1231 846 sucessor
1264 818 1396 857 meae,

76 863 284 905 Lubricae
316 863 400 905 nisi
430 865 473 905 te
506 863 706 904 iuuentae
737 862 1019 916 praecipitem
1049 863 1183 904 flexus
1215 862 1354 916 daret,

76 922 342 977 Pythagorei
373 936 461 964 non
491 924 707 963 tenentem
738 921 927 962 tramitis
959 924 1120 962 rectam
1152 921 1287 962 uiam:
1404 932 1422 962 5

76 980 185 1022 Esto
217 981 409 1035 placidus
443 983 485 1021 et
517 980 672 1035 quietis
705 980 905 1021 manibus
939 979 1081 1022 sedem
1114 980 1229 1034 foue,

75 1039 167 1081 Iam
201 1039 308 1081 mihi
341 1042 525 1094 cognata
556 1039 714 1080 dudum
747 1040 858 1080 inter
889 1042 1150 1080 memoratus
1182 1038 1366 1080 nomina.

7 1214 80 1245 [202]
288 1201 366 1236 ΧΠ.
399 1199 650 1235 THALASSO
679 1198 999 1234 GRAMMATICO
1026 1200 1208 1236 LATINO

565 1251 936 1288 BVRDIGALENSL

76 1337 273 1379 Officium
304 1351 542 1391 nomenque
573 1339 714 1389 tuum,
746 1337 963 1391 primaeue
996 1336 1224 1392 Thahsse,

134 1396 346 1437 Paruulus
377 1395 539 1437 audiui:
570 1396 644 1437 uix
676 1396 807 1437 etiam
839 1396 1034 1450 memini,

76 1454 169 1504 Qua
200 1454 339 1496 forma
370 1457 446 1495 aut
477 1455 631 1496 merito
662 1454 814 1509 fueris,
845 1470 929 1509 qua
961 1455 1094 1510 stirpe
1123 1459 1359 1510 parentum.

137 1514 271 1554 Aetas
303 1513 365 1554 nil
399 1513 449 1554 de
480 1516 522 1554 te
553 1514 769 1567 posterior
801 1514 998 1555 celebrat.

77 1570 416 1614 Grammaticum
447 1572 644 1613 iuuenem
676 1575 848 1614 tantum
880 1576 921 1613 te
954 1573 1069 1614 fama
1099 1572 1287 1627 ferebat,
1401 1585 1421 1615 5

135 1630 245 1672 Tum
278 1644 445 1685 quoque
476 1633 565 1672 tam
598 1632 758 1685 tenuis,
794 1646 922 1686 quam
954 1632 1081 1674 modo
1114 1632 1233 1673 nulla
1265 1635 1420 1674 manet.

78 1688 151 1731 Set
183 1690 436 1745 quicumque
467 1692 630 1744 tamen,
661 1694 811 1732 nostro
845 1691 942 1745 quia
975 1691 1123 1732 doctor
1154 1691 1199 1732 in
1232 1706 1337 1733 aeuo

134 1747 311 1802 Vixisti,
342 1748 423 1789 hoc
455 1752 650 1790 nostrum
684 1763 836 1790 munus
869 1748 1047 1791 habeto:
1080 1749 1189 1790 uale.

170 1898 221 1933 XI
245 1911 427 1934 ERCVLANO
455 1899 489 1932 V
535 1902 656 1933 GRAh‘ffi
680 1903 789 1934 BvRDi
816 1899 850 1933 V
925 1904 946 1934 2
972 1911 1050 1935 rem
1076 1910 1141 1935 om.
1170 1900 1204 1934 V
1223 1900 1307 1935 add.
1330 1900 1419 1934 Pul-

75 1957 188 1981 mawn
284 1950 304 1980 3
332 1946 429 1981 scole
457 1946 491 1980 V
577 1950 599 1980 4
624 1947 775 1982 iubente
805 1946 839 1980 V
926 1951 946 1982 5
973 1947 1158 1993 pitagorei
1185 1947 1219 1981 V
1296 1951 1315 1982 6
1342 1947 1420 1992 pla-

76 2001 164 2061 5111μέ
190 2016 347 2061 (ieras.)
379 2016 435 2061 V}
456 2016 565 2051 sonae
598 2017 633 2051 V
727 2022 745 2052 τ
776 2017 863 2052 miei
896 2018 929 2052 V

171 2074 238 2109 XII
263 2087 413 2110 TALAsso
440 2078 557 2110 GRfiCO
584 2088 710 2111 Lumo
736 2076 914 2111 BVRmGAL
947 2077 981 2110 V
1028 2076 1218 2111 Thalassio
1247 2076 1280 2110 Τ
1279 2077 1326 2111 0ῖί

81 2126 98 2155 1
125 2121 313 2157 thalassae
346 2122 381 2157 V
403 2122 576 2157 Thalassi
604 2123 684 2159 Toll
791 2128 813 2158 4
839 2123 934 2158 nihil
966 2124 1000 2158 V
1022 2135 1112 2160 corr.
1141 2123 1303 2169 Scalz'yer
1400 2127 1417 2157 5

77 2168 220 2203 fereuat
249 2169 297 2204 V¹
394 2173 413 2204 8
440 2169 574 2205 haueto
608 2170 654 2204 V¹
681 2170 789 2206 abeto
823 2171 871 2204 ΓΞ
