<?xml version="1.0" encoding="UTF-8"?>
<!DOCTYPE html PUBLIC "-//W3C//DTD XHTML 1.0 Transitional//EN"
    "http://www.w3.org/TR/xhtml1/DTD/xhtml1-transitional.dtd">
<html xmlns="http://www.w3.org/1999/xhtml" xml:lang="en" lang="en">
 <head>
  <title>
</title>
<meta http-equiv="Content-Type" content="text/html;charset=utf-8" />
  <meta name='ocr-system' content='tesseract 3.04.00' />
  <meta name='ocr-capabilities' content='ocr_page ocr_carea ocr_par ocr_line ocrx_word'/>
</head>
<body>
  <div class='ocr_page' id='page_1' title='image "./opuscula00ausouoft/opuscula00ausouoft_0262.png"; bbox 0 0 1563 2511; ppageno 0'>
   <div class='ocr_carea' id='block_1_1' title="bbox 624 56 945 97">
    <p class='ocr_par' dir='ltr' id='par_1_1' title="bbox 624 56 945 97">
     <span class='ocr_line' id='line_1_1' title="bbox 624 56 945 97; baseline 0.003 -1"><span class='ocrx_word' id='word_1_1' title='bbox 624 56 945 97; x_wconf 74' lang='lat'>—128—</span> 
     </span>
    </p>
   </div>
   <div class='ocr_carea' id='block_1_2' title="bbox 108 160 1459 1449">
    <p class='ocr_par' dir='ltr' id='par_1_2' title="bbox 109 160 1459 1097">
     <span class='ocr_line' id='line_1_2' title="bbox 169 160 1459 216; baseline -0.001 -13"><span class='ocrx_word' id='word_1_2' title='bbox 169 161 288 203; x_wconf 89' lang='lat' dir='ltr'>Haec</span> <span class='ocrx_word' id='word_1_3' title='bbox 303 175 472 216; x_wconf 86' lang='lat' dir='ltr'>quoque</span> <span class='ocrx_word' id='word_1_4' title='bbox 487 175 613 216; x_wconf 89' lang='lat' dir='ltr'>quam</span> <span class='ocrx_word' id='word_1_5' title='bbox 625 160 768 203; x_wconf 83' lang='lat' dir='ltr'>dulces</span> <span class='ocrx_word' id='word_1_6' title='bbox 781 161 998 202; x_wconf 86' lang='lat' dir='ltr'>celebrant</span> <span class='ocrx_word' id='word_1_7' title='bbox 1009 160 1253 214; x_wconf 86' lang='lat' dir='ltr'>spectacula</span> <span class='ocrx_word' id='word_1_8' title='bbox 1266 175 1459 215; x_wconf 84' lang='lat' dir='ltr'>pompas,</span> 
     </span>
     <span class='ocr_line' id='line_1_3' title="bbox 113 219 1456 275; baseline -0.001 -13"><span class='ocrx_word' id='word_1_9' title='bbox 113 221 368 275; x_wconf 88' lang='lat' dir='ltr'>Remipedes</span> <span class='ocrx_word' id='word_1_10' title='bbox 400 220 540 262; x_wconf 88' lang='lat' dir='ltr'>medio</span> <span class='ocrx_word' id='word_1_11' title='bbox 573 222 739 261; x_wconf 84' lang='lat' dir='ltr'>certant</span> <span class='ocrx_word' id='word_1_12' title='bbox 770 234 868 262; x_wconf 89' lang='lat' dir='ltr'>cum</span> <span class='ocrx_word' id='word_1_13' title='bbox 899 220 1073 261; x_wconf 90' lang='lat' dir='ltr'>flumine</span> <span class='ocrx_word' id='word_1_14' title='bbox 1105 219 1237 261; x_wconf 89' lang='lat' dir='ltr'>lembi</span> <span class='ocrx_word' id='word_1_15' title='bbox 1390 230 1456 261; x_wconf 99' lang='grc'>201</span> 
     </span>
     <span class='ocr_line' id='line_1_4' title="bbox 112 278 1201 333; baseline -0.001 -12"><span class='ocrx_word' id='word_1_16' title='bbox 112 279 172 321; x_wconf 87' lang='lat' dir='ltr'>Et</span> <span class='ocrx_word' id='word_1_17' title='bbox 202 279 346 322; x_wconf 89' lang='lat' dir='ltr'>uarios</span> <span class='ocrx_word' id='word_1_18' title='bbox 379 279 528 321; x_wconf 89' lang='lat' dir='ltr'>ineunt</span> <span class='ocrx_word' id='word_1_19' title='bbox 557 278 690 320; x_wconf 86' lang='lat' dir='ltr'>flexus</span> <span class='ocrx_word' id='word_1_20' title='bbox 723 278 965 333; x_wconf 88' lang='lat' dir='ltr'>uiridesque</span> <span class='ocrx_word' id='word_1_21' title='bbox 996 293 1073 333; x_wconf 89' lang='lat' dir='ltr'>per</span> <span class='ocrx_word' id='word_1_22' title='bbox 1105 293 1201 320; x_wconf 89' lang='lat' dir='ltr'>oras</span> 
     </span>
     <span class='ocr_line' id='line_1_5' title="bbox 114 336 1205 393; baseline -0.001 -14"><span class='ocrx_word' id='word_1_23' title='bbox 114 336 342 393; x_wconf 83' lang='lat' dir='ltr'>Stringunt</span> <span class='ocrx_word' id='word_1_24' title='bbox 374 338 558 380; x_wconf 73' lang='lat' dir='ltr'><strong>attonsis</strong></span> <span class='ocrx_word' id='word_1_25' title='bbox 589 338 796 392; x_wconf 75' lang='lat' dir='ltr'>pubentia</span> <span class='ocrx_word' id='word_1_26' title='bbox 828 338 1020 392; x_wconf 85' lang='lat' dir='ltr'>germina</span> <span class='ocrx_word' id='word_1_27' title='bbox 1050 338 1205 391; x_wconf 85' lang='lat' dir='ltr'>pratis!</span> 
     </span>
     <span class='ocr_line' id='line_1_6' title="bbox 111 396 1230 452; baseline -0.002 -13"><span class='ocrx_word' id='word_1_28' title='bbox 111 397 335 452; x_wconf 82' lang='lat' dir='ltr'>Puppibus</span> <span class='ocrx_word' id='word_1_29' title='bbox 367 400 410 438; x_wconf 90' lang='lat' dir='ltr'>et</span> <span class='ocrx_word' id='word_1_30' title='bbox 441 397 582 451; x_wconf 88' lang='lat' dir='ltr'>proris</span> <span class='ocrx_word' id='word_1_31' title='bbox 615 397 777 438; x_wconf 78' lang='lat' dir='ltr'>alacres</span> <span class='ocrx_word' id='word_1_32' title='bbox 810 396 967 451; x_wconf 82' lang='lat' dir='ltr'>gestire</span> <span class='ocrx_word' id='word_1_33' title='bbox 999 396 1230 450; x_wconf 84' lang='lat' dir='ltr'>magistros</span> 
     </span>
     <span class='ocr_line' id='line_1_7' title="bbox 111 455 1456 511; baseline -0.001 -13"><span class='ocrx_word' id='word_1_34' title='bbox 111 455 423 511; x_wconf 88' lang='lat' dir='ltr'>Impubemque</span> <span class='ocrx_word' id='word_1_35' title='bbox 442 470 618 497; x_wconf 88' lang='lat' dir='ltr'>manum</span> <span class='ocrx_word' id='word_1_36' title='bbox 645 470 772 509; x_wconf 89' lang='lat' dir='ltr'>super</span> <span class='ocrx_word' id='word_1_37' title='bbox 799 455 965 496; x_wconf 84' lang='lat' dir='ltr'>amnica</span> <span class='ocrx_word' id='word_1_38' title='bbox 987 457 1111 510; x_wconf 85' lang='lat' dir='ltr'>terga</span> <span class='ocrx_word' id='word_1_39' title='bbox 1130 457 1363 510; x_wconf 86' lang='lat' dir='ltr'>uagantem</span> <span class='ocrx_word' id='word_1_40' title='bbox 1389 465 1456 497; x_wconf 82' lang='lat'>205</span> 
     </span>
     <span class='ocr_line' id='line_1_8' title="bbox 112 514 1203 569; baseline -0.002 -13"><span class='ocrx_word' id='word_1_41' title='bbox 112 514 226 556; x_wconf 88' lang='lat' dir='ltr'>Dum</span> <span class='ocrx_word' id='word_1_42' title='bbox 259 517 425 569; x_wconf 90' lang='lat' dir='ltr'>spectat</span> <span class='ocrx_word' id='word_1_43' title='bbox 485 546 1203 556; x_wconf 90' lang='grc'><strong>...........</strong></span> 
     </span>
     <span class='ocr_line' id='line_1_9' title="bbox 113 571 1197 626; baseline -0.003 -10"><span class='ocrx_word' id='word_1_44' title='bbox 113 605 406 616; x_wconf 89' lang='grc'><strong>.....</strong></span> <span class='ocrx_word' id='word_1_45' title='bbox 466 573 650 614; x_wconf 86' lang='lat' dir='ltr'>transire</span> <span class='ocrx_word' id='word_1_46' title='bbox 683 572 814 626; x_wconf 84' lang='lat' dir='ltr'>diem,</span> <span class='ocrx_word' id='word_1_47' title='bbox 847 587 924 614; x_wconf 87' lang='lat' dir='ltr'>sua</span> <span class='ocrx_word' id='word_1_48' title='bbox 956 572 1066 613; x_wconf 88' lang='lat' dir='ltr'>seria</span> <span class='ocrx_word' id='word_1_49' title='bbox 1097 571 1197 613; x_wconf 89' lang='lat' dir='ltr'>ludo</span> 
     </span>
     <span class='ocr_line' id='line_1_10' title="bbox 111 631 1268 686; baseline -0.002 -12"><span class='ocrx_word' id='word_1_50' title='bbox 111 632 367 686; x_wconf 84' lang='lat' dir='ltr'>Posthabet3</span> <span class='ocrx_word' id='word_1_51' title='bbox 400 632 588 673; x_wconf 74' lang='lat' dir='ltr'>excludit</span> <span class='ocrx_word' id='word_1_52' title='bbox 619 633 784 672; x_wconf 90' lang='lat' dir='ltr'>ueteres</span> <span class='ocrx_word' id='word_1_53' title='bbox 816 645 929 673; x_wconf 91' lang='lat' dir='ltr'>noua</span> <span class='ocrx_word' id='word_1_54' title='bbox 960 631 1102 686; x_wconf 83' lang='lat' dir='ltr'>gratia</span> <span class='ocrx_word' id='word_1_55' title='bbox 1135 645 1268 672; x_wconf 90' lang='lat' dir='ltr'>curas.</span> 
     </span>
     <span class='ocr_line' id='line_1_11' title="bbox 112 689 1191 745; baseline -0.002 -12"><span class='ocrx_word' id='word_1_56' title='bbox 112 690 269 740; x_wconf 82' lang='lat' dir='ltr'>Quales</span> <span class='ocrx_word' id='word_1_57' title='bbox 302 690 494 733; x_wconf 83' lang='lat' dir='ltr'>Cumano</span> <span class='ocrx_word' id='word_1_58' title='bbox 527 691 747 745; x_wconf 89' lang='lat' dir='ltr'>despectat</span> <span class='ocrx_word' id='word_1_59' title='bbox 779 690 824 731; x_wconf 92' lang='lat' dir='ltr'>in</span> <span class='ocrx_word' id='word_1_60' title='bbox 856 704 1038 744; x_wconf 89' lang='lat' dir='ltr'>aequore</span> <span class='ocrx_word' id='word_1_61' title='bbox 1069 689 1191 731; x_wconf 89' lang='lat' dir='ltr'>ludos</span> 
     </span>
     <span class='ocr_line' id='line_1_12' title="bbox 109 748 1246 804; baseline -0.001 -13"><span class='ocrx_word' id='word_1_62' title='bbox 109 749 256 804; x_wconf 80' lang='lat' dir='ltr'>Liber,</span> <span class='ocrx_word' id='word_1_63' title='bbox 292 749 514 804; x_wconf 88' lang='lat' dir='ltr'>sulphurei</span> <span class='ocrx_word' id='word_1_64' title='bbox 545 763 641 791; x_wconf 87' lang='lat' dir='ltr'>cum</span> <span class='ocrx_word' id='word_1_65' title='bbox 672 763 749 803; x_wconf 91' lang='lat' dir='ltr'>per</span> <span class='ocrx_word' id='word_1_66' title='bbox 780 749 882 803; x_wconf 88' lang='lat' dir='ltr'>iuga</span> <span class='ocrx_word' id='word_1_67' title='bbox 914 750 1080 790; x_wconf 88' lang='lat' dir='ltr'>consita</span> <span class='ocrx_word' id='word_1_68' title='bbox 1113 748 1246 790; x_wconf 86' lang='lat' dir='ltr'>Gauri</span> 
     </span>
     <span class='ocr_line' id='line_1_13' title="bbox 110 806 1457 863; baseline -0.001 -13"><span class='ocrx_word' id='word_1_69' title='bbox 110 809 274 863; x_wconf 82' lang='lat' dir='ltr'>Perque</span> <span class='ocrx_word' id='word_1_70' title='bbox 306 807 538 862; x_wconf 84' lang='lat' dir='ltr'>uaporiferi</span> <span class='ocrx_word' id='word_1_71' title='bbox 570 808 764 862; x_wconf 78' lang='lat' dir='ltr'>graditur</span> <span class='ocrx_word' id='word_1_72' title='bbox 795 808 942 848; x_wconf 91' lang='lat' dir='ltr'>uineta</span> <span class='ocrx_word' id='word_1_73' title='bbox 973 806 1150 858; x_wconf 73' lang='lat' dir='ltr'>Veseui‚</span> <span class='ocrx_word' id='word_1_74' title='bbox 1388 818 1457 850; x_wconf 84' lang='lat'>210</span> 
     </span>
     <span class='ocr_line' id='line_1_14' title="bbox 110 865 1250 921; baseline -0.002 -12"><span class='ocrx_word' id='word_1_75' title='bbox 110 866 219 909; x_wconf 82' lang='lat' dir='ltr'>Cum</span> <span class='ocrx_word' id='word_1_76' title='bbox 250 866 398 909; x_wconf 87' lang='lat' dir='ltr'>Venus</span> <span class='ocrx_word' id='word_1_77' title='bbox 431 866 619 908; x_wconf 76' lang='lat' dir='ltr'>Actiacis</span> <span class='ocrx_word' id='word_1_78' title='bbox 652 865 842 920; x_wconf 82' lang='lat' dir='ltr'>Augusti</span> <span class='ocrx_word' id='word_1_79' title='bbox 874 866 988 907; x_wconf 89' lang='lat' dir='ltr'>laeta</span> <span class='ocrx_word' id='word_1_80' title='bbox 1018 866 1250 921; x_wconf 83' lang='lat' dir='ltr'>triumphis</span> 
     </span>
     <span class='ocr_line' id='line_1_15' title="bbox 109 924 1199 979; baseline -0.002 -12"><span class='ocrx_word' id='word_1_81' title='bbox 109 926 273 968; x_wconf 84' lang='lat' dir='ltr'>Ludere</span> <span class='ocrx_word' id='word_1_82' title='bbox 305 925 489 967; x_wconf 87' lang='lat' dir='ltr'>lasciuos</span> <span class='ocrx_word' id='word_1_83' title='bbox 522 925 611 966; x_wconf 89' lang='lat' dir='ltr'>fera</span> <span class='ocrx_word' id='word_1_84' title='bbox 642 925 809 979; x_wconf 89' lang='lat' dir='ltr'>proelia</span> <span class='ocrx_word' id='word_1_85' title='bbox 841 924 967 966; x_wconf 90' lang='lat' dir='ltr'>iussit</span> <span class='ocrx_word' id='word_1_86' title='bbox 998 924 1199 979; x_wconf 83' lang='lat' dir='ltr'>Amores3</span> 
     </span>
     <span class='ocr_line' id='line_1_16' title="bbox 111 983 1174 1038; baseline -0.002 -12"><span class='ocrx_word' id='word_1_87' title='bbox 111 984 264 1033; x_wconf 80' lang='lat' dir='ltr'>Qualia</span> <span class='ocrx_word' id='word_1_88' title='bbox 295 984 487 1026; x_wconf 87' lang='lat' dir='ltr'>Niliacae</span> <span class='ocrx_word' id='word_1_89' title='bbox 523 984 681 1025; x_wconf 85' lang='lat' dir='ltr'>classes</span> <span class='ocrx_word' id='word_1_90' title='bbox 713 983 947 1038; x_wconf 88' lang='lat' dir='ltr'>Latiaeque</span> <span class='ocrx_word' id='word_1_91' title='bbox 977 983 1174 1025; x_wconf 85' lang='lat' dir='ltr'>triremes</span> 
     </span>
     <span class='ocr_line' id='line_1_17' title="bbox 111 1041 1230 1097; baseline -0.001 -13"><span class='ocrx_word' id='word_1_92' title='bbox 111 1041 266 1085; x_wconf 84' lang='lat' dir='ltr'>Subter</span> <span class='ocrx_word' id='word_1_93' title='bbox 297 1043 552 1097; x_wconf 89' lang='lat' dir='ltr'>Apollineae</span> <span class='ocrx_word' id='word_1_94' title='bbox 584 1045 810 1097; x_wconf 84' lang='lat' dir='ltr'>gesserunt</span> <span class='ocrx_word' id='word_1_95' title='bbox 842 1042 1060 1084; x_wconf 87' lang='lat' dir='ltr'>Leucados</span> <span class='ocrx_word' id='word_1_96' title='bbox 1094 1057 1230 1096; x_wconf 87' lang='lat' dir='ltr'>arces,</span> 
     </span>
    </p>

    <p class='ocr_par' dir='ltr' id='par_1_3' title="bbox 108 1101 1456 1390">
     <span class='ocr_line' id='line_1_18' title="bbox 109 1101 1456 1156; baseline -0.001 -13"><span class='ocrx_word' id='word_1_97' title='bbox 109 1102 200 1143; x_wconf 89' lang='lat' dir='ltr'>Aut</span> <span class='ocrx_word' id='word_1_98' title='bbox 230 1101 482 1156; x_wconf 89' lang='lat' dir='ltr'>Pompeiani</span> <span class='ocrx_word' id='word_1_99' title='bbox 513 1101 738 1156; x_wconf 85' lang='lat' dir='ltr'>Mylasena</span> <span class='ocrx_word' id='word_1_100' title='bbox 768 1101 960 1155; x_wconf 89' lang='lat' dir='ltr'>pericula</span> <span class='ocrx_word' id='word_1_101' title='bbox 991 1101 1091 1142; x_wconf 89' lang='lat' dir='ltr'>belli</span> <span class='ocrx_word' id='word_1_102' title='bbox 1390 1112 1456 1143; x_wconf 82' lang='grc'>215</span> 
     </span>
     <span class='ocr_line' id='line_1_19' title="bbox 109 1160 1319 1216; baseline -0.001 -14"><span class='ocrx_word' id='word_1_103' title='bbox 109 1160 326 1202; x_wconf 85' lang='lat' dir='ltr'>Euboicae</span> <span class='ocrx_word' id='word_1_104' title='bbox 358 1161 549 1202; x_wconf 88' lang='lat' dir='ltr'>referunt</span> <span class='ocrx_word' id='word_1_105' title='bbox 579 1174 655 1214; x_wconf 89' lang='lat' dir='ltr'>per</span> <span class='ocrx_word' id='word_1_106' title='bbox 686 1160 861 1202; x_wconf 89' lang='lat' dir='ltr'>Auerna</span> <span class='ocrx_word' id='word_1_107' title='bbox 894 1160 1092 1202; x_wconf 87' lang='lat' dir='ltr'>sonantia</span> <span class='ocrx_word' id='word_1_108' title='bbox 1124 1160 1319 1216; x_wconf 83' lang='lat' dir='ltr'>cumbae3</span> 
     </span>
     <span class='ocr_line' id='line_1_20' title="bbox 109 1219 1199 1274; baseline -0.001 -13"><span class='ocrx_word' id='word_1_109' title='bbox 109 1219 321 1261; x_wconf 89' lang='lat' dir='ltr'>Innocuos</span> <span class='ocrx_word' id='word_1_110' title='bbox 354 1219 514 1260; x_wconf 88' lang='lat' dir='ltr'>ratium</span> <span class='ocrx_word' id='word_1_111' title='bbox 545 1219 694 1274; x_wconf 87' lang='lat' dir='ltr'>pulsus</span> <span class='ocrx_word' id='word_1_112' title='bbox 725 1232 976 1273; x_wconf 87' lang='lat' dir='ltr'>pugnasque</span> <span class='ocrx_word' id='word_1_113' title='bbox 1008 1220 1199 1260; x_wconf 88' lang='lat' dir='ltr'>iocantes</span> 
     </span>
     <span class='ocr_line' id='line_1_21' title="bbox 108 1277 1194 1332; baseline -0.001 -12"><span class='ocrx_word' id='word_1_114' title='bbox 108 1277 403 1320; x_wconf 85' lang='lat' dir='ltr'>Naumachiae</span> <span class='ocrx_word' id='word_1_115' title='bbox 436 1277 578 1319; x_wconf 83' lang='lat' dir='ltr'>Siculo</span> <span class='ocrx_word' id='word_1_116' title='bbox 611 1278 757 1332; x_wconf 88' lang='lat' dir='ltr'>quales</span> <span class='ocrx_word' id='word_1_117' title='bbox 791 1280 1009 1330; x_wconf 85' lang='lat' dir='ltr'>spectante</span> <span class='ocrx_word' id='word_1_118' title='bbox 1040 1277 1194 1320; x_wconf 88' lang='lat' dir='ltr'>Peloro</span> 
     </span>
     <span class='ocr_line' id='line_1_22' title="bbox 110 1336 1243 1390; baseline -0.002 -11"><span class='ocrx_word' id='word_1_119' title='bbox 110 1336 339 1379; x_wconf 82' lang='lat' dir='ltr'>Caeruleus</span> <span class='ocrx_word' id='word_1_120' title='bbox 372 1337 499 1378; x_wconf 90' lang='lat' dir='ltr'>uiridi</span> <span class='ocrx_word' id='word_1_121' title='bbox 530 1339 704 1390; x_wconf 88' lang='lat' dir='ltr'>reparat</span> <span class='ocrx_word' id='word_1_122' title='bbox 735 1337 813 1377; x_wconf 90' lang='lat' dir='ltr'>sub</span> <span class='ocrx_word' id='word_1_123' title='bbox 846 1336 1034 1390; x_wconf 82' lang='lat' dir='ltr'>imagine</span> <span class='ocrx_word' id='word_1_124' title='bbox 1066 1339 1243 1390; x_wconf 89' lang='lat' dir='ltr'>pontus:</span> 
     </span>
    </p>

    <p class='ocr_par' dir='ltr' id='par_1_4' title="bbox 108 1395 1455 1449">
     <span class='ocr_line' id='line_1_23' title="bbox 108 1395 1455 1449; baseline 0.001 -12"><span class='ocrx_word' id='word_1_125' title='bbox 108 1395 208 1437; x_wconf 91' lang='lat' dir='ltr'>Non</span> <span class='ocrx_word' id='word_1_126' title='bbox 241 1395 370 1437; x_wconf 82' lang='lat' dir='ltr'>aliam</span> <span class='ocrx_word' id='word_1_127' title='bbox 403 1395 586 1449; x_wconf 91' lang='lat' dir='ltr'>speciem</span> <span class='ocrx_word' id='word_1_128' title='bbox 618 1395 910 1449; x_wconf 87' lang='lat' dir='ltr'>petulantibus</span> <span class='ocrx_word' id='word_1_129' title='bbox 943 1395 1062 1436; x_wconf 88' lang='lat' dir='ltr'>addit</span> <span class='ocrx_word' id='word_1_130' title='bbox 1095 1395 1272 1449; x_wconf 86' lang='lat' dir='ltr'>ephebis</span> <span class='ocrx_word' id='word_1_131' title='bbox 1386 1406 1455 1438; x_wconf 83' lang='lat'>220</span> 
     </span>
    </p>
   </div>
   <div class='ocr_carea' id='block_1_3' title="bbox 111 1472 392 1477">
    <p class='ocr_par' dir='ltr' id='par_1_5' title="bbox 111 1472 392 1477">
     <span class='ocr_line' id='line_1_24' title="bbox 111 1472 392 1477; baseline 0 0"><span class='ocrx_word' id='word_1_132' title='bbox 111 1472 392 1477; x_wconf 95' lang='lat' dir='ltr'> </span> 
     </span>
    </p>
   </div>
   <div class='ocr_carea' id='block_1_4' title="bbox 105 1499 1456 2063">
    <p class='ocr_par' dir='ltr' id='par_1_6' title="bbox 105 1499 1456 2063">
     <span class='ocr_line' id='line_1_25' title="bbox 203 1499 1456 1535; baseline 0.001 -1"><span class='ocrx_word' id='word_1_133' title='bbox 203 1503 270 1534; x_wconf 93' lang='grc'>200</span> <span class='ocrx_word' id='word_1_134' title='bbox 305 1500 405 1534; x_wconf 88' lang='lat' dir='ltr'>Haec</span> <span class='ocrx_word' id='word_1_135' title='bbox 432 1500 515 1534; x_wconf 81' lang='lat' dir='ltr'>mai.</span> <span class='ocrx_word' id='word_1_136' title='bbox 542 1500 623 1534; x_wconf 77' lang='lat' dir='ltr'>init.</span> <span class='ocrx_word' id='word_1_137' title='bbox 651 1499 718 1534; x_wconf 73' lang='lat' dir='ltr'>litt.</span> <span class='ocrx_word' id='word_1_138' title='bbox 747 1499 824 1533; x_wconf 89' lang='lat' dir='ltr'>GB</span> <span class='ocrx_word' id='word_1_139' title='bbox 921 1502 1119 1533; x_wconf 85' lang='grc'>201-203</span> <span class='ocrx_word' id='word_1_140' title='bbox 1148 1516 1191 1528; x_wconf 89' lang='lat'>=</span> <span class='ocrx_word' id='word_1_141' title='bbox 1217 1499 1456 1535; x_wconf 73' lang='lat' dir='ltr'>Ermenrz&#39;cus</span> 
     </span>
     <span class='ocr_line' id='line_1_26' title="bbox 109 1545 1454 1591; baseline -0.001 -9"><span class='ocrx_word' id='word_1_142' title='bbox 109 1549 254 1582; x_wconf 82' lang='lat'><em>75—77</em></span> <span class='ocrx_word' id='word_1_143' title='bbox 351 1550 417 1581; x_wconf 93' lang='grc'>201</span> <span class='ocrx_word' id='word_1_144' title='bbox 445 1547 588 1581; x_wconf 84' lang='lat' dir='ltr'>certant</span> <span class='ocrx_word' id='word_1_145' title='bbox 613 1546 712 1591; x_wconf 87' lang='lat' dir='ltr'>cum]</span> <span class='ocrx_word' id='word_1_146' title='bbox 741 1545 801 1580; x_wconf 88' lang='lat' dir='ltr'>cui</span> <span class='ocrx_word' id='word_1_147' title='bbox 827 1547 971 1580; x_wconf 80' lang='lat' dir='ltr'>certant</span> <span class='ocrx_word' id='word_1_148' title='bbox 996 1546 1166 1581; x_wconf 76' lang='lat' dir='ltr'>Ermenr.</span> <span class='ocrx_word' id='word_1_149' title='bbox 1259 1549 1327 1581; x_wconf 83' lang='lat'>202</span> <span class='ocrx_word' id='word_1_150' title='bbox 1355 1557 1454 1582; x_wconf 84' lang='lat' dir='ltr'>oras:</span> 
     </span>
     <span class='ocr_line' id='line_1_27' title="bbox 109 1592 1456 1639; baseline 0.001 -11"><span class='ocrx_word' id='word_1_151' title='bbox 109 1605 129 1628; x_wconf 93' lang='lat' dir='ltr'>o</span> <span class='ocrx_word' id='word_1_152' title='bbox 149 1604 192 1630; x_wconf 70' lang='lat' dir='ltr'>esc</span> <span class='ocrx_word' id='word_1_153' title='bbox 211 1594 237 1628; x_wconf 91' lang='lat' dir='ltr'>h</span> <span class='ocrx_word' id='word_1_154' title='bbox 251 1594 299 1629; x_wconf 68' lang='grc' dir='ltr'>ΘΒ</span> <span class='ocrx_word' id='word_1_155' title='bbox 324 1593 432 1628; x_wconf 85' lang='lat' dir='ltr'>horas</span> <span class='ocrx_word' id='word_1_156' title='bbox 447 1592 544 1628; x_wconf 71' lang='grc' dir='ltr'>ΕΒ2</span> <span class='ocrx_word' id='word_1_157' title='bbox 558 1593 596 1637; x_wconf 87' lang='lat' dir='ltr'>(h</span> <span class='ocrx_word' id='word_1_158' title='bbox 611 1597 736 1637; x_wconf 80' lang='lat' dir='ltr'>postea</span> <span class='ocrx_word' id='word_1_159' title='bbox 756 1593 869 1635; x_wconf 80' lang='lat' dir='ltr'>add.),</span> <span class='ocrx_word' id='word_1_160' title='bbox 885 1593 919 1627; x_wconf 91' lang='lat' dir='ltr'><em>L</em></span> <span class='ocrx_word' id='word_1_161' title='bbox 993 1596 1061 1628; x_wconf 89' lang='grc'>203</span> <span class='ocrx_word' id='word_1_162' title='bbox 1088 1593 1259 1638; x_wconf 83' lang='lat' dir='ltr'>gramina</span> <span class='ocrx_word' id='word_1_163' title='bbox 1272 1593 1456 1639; x_wconf 74' lang='lat' dir='ltr'>Boeckiuy</span> 
     </span>
     <span class='ocr_line' id='line_1_28' title="bbox 111 1638 1452 1687; baseline -0.001 -11"><span class='ocrx_word' id='word_1_164' title='bbox 111 1642 114 1687; x_wconf 99' lang='grc' dir='ltr'>Ι</span> <span class='ocrx_word' id='word_1_165' title='bbox 143 1641 272 1686; x_wconf 72' lang='lat' dir='ltr'>ps‘ratis</span> <span class='ocrx_word' id='word_1_166' title='bbox 299 1643 336 1682; x_wconf 89' lang='lat' dir='ltr'>(a</span> <span class='ocrx_word' id='word_1_167' title='bbox 360 1643 475 1684; x_wconf 82' lang='lat' dir='ltr'>eraso)</span> <span class='ocrx_word' id='word_1_168' title='bbox 505 1639 539 1674; x_wconf 99' lang='lat' dir='ltr'><em>G</em></span> <span class='ocrx_word' id='word_1_169' title='bbox 629 1644 698 1674; x_wconf 82' lang='grc'>204</span> <span class='ocrx_word' id='word_1_170' title='bbox 724 1640 886 1685; x_wconf 85' lang='lat' dir='ltr'>pupibus</span> <span class='ocrx_word' id='word_1_171' title='bbox 911 1640 961 1673; x_wconf 80' lang='lat' dir='ltr'>LS</span> <span class='ocrx_word' id='word_1_172' title='bbox 983 1641 988 1684; x_wconf 91' lang='grc' dir='ltr'>Ι</span> <span class='ocrx_word' id='word_1_173' title='bbox 1011 1638 1145 1675; x_wconf 84' lang='lat' dir='ltr'>alacris</span> <span class='ocrx_word' id='word_1_174' title='bbox 1170 1640 1207 1674; x_wconf 92' lang='lat' dir='ltr'><strong><em>B</em></strong></span> <span class='ocrx_word' id='word_1_175' title='bbox 1233 1640 1358 1675; x_wconf 85' lang='lat' dir='ltr'>alieris</span> <span class='ocrx_word' id='word_1_176' title='bbox 1384 1640 1420 1675; x_wconf 89' lang='lat' dir='ltr'><strong><em>L</em></strong></span> <span class='ocrx_word' id='word_1_177' title='bbox 1444 1641 1452 1687; x_wconf 83' lang='grc' dir='ltr'>Ι</span> 
     </span>
     <span class='ocr_line' id='line_1_29' title="bbox 107 1686 1455 1733; baseline 0 -10"><span class='ocrx_word' id='word_1_178' title='bbox 107 1686 266 1733; x_wconf 76' lang='lat' dir='ltr'>gestaire</span> <span class='ocrx_word' id='word_1_179' title='bbox 293 1688 329 1723; x_wconf 88' lang='lat' dir='ltr'><em>B</em></span> <span class='ocrx_word' id='word_1_180' title='bbox 352 1690 356 1731; x_wconf 93' lang='grc' dir='ltr'>Ι</span> <span class='ocrx_word' id='word_1_181' title='bbox 386 1687 517 1723; x_wconf 87' lang='lat' dir='ltr'>alacris</span> <span class='ocrx_word' id='word_1_182' title='bbox 543 1699 577 1732; x_wconf 85' lang='lat' dir='ltr'>g.</span> <span class='ocrx_word' id='word_1_183' title='bbox 604 1687 784 1732; x_wconf 86' lang='lat' dir='ltr'>magister</span> <span class='ocrx_word' id='word_1_184' title='bbox 811 1686 1045 1731; x_wconf 64' lang='lat' dir='ltr'>Canneyoeter</span> <span class='ocrx_word' id='word_1_185' title='bbox 1128 1691 1195 1722; x_wconf 86' lang='grc'>206</span> <span class='ocrx_word' id='word_1_186' title='bbox 1222 1689 1392 1733; x_wconf 83' lang='lat' dir='ltr'>spectant</span> <span class='ocrx_word' id='word_1_187' title='bbox 1417 1688 1455 1724; x_wconf 83' lang='lat' dir='ltr'><em>R</em></span> 
     </span>
     <span class='ocr_line' id='line_1_30' title="bbox 107 1735 1450 1781; baseline 0.001 -11"><span class='ocrx_word' id='word_1_188' title='bbox 107 1736 281 1771; x_wconf 77' lang='lat' dir='ltr'>coaluisse</span> <span class='ocrx_word' id='word_1_189' title='bbox 319 1736 408 1770; x_wconf 79' lang='lat' dir='ltr'>cluos</span> <span class='ocrx_word' id='word_1_190' title='bbox 446 1735 642 1770; x_wconf 75' lang='lat' dir='ltr'>uersiculos</span> <span class='ocrx_word' id='word_1_191' title='bbox 680 1737 721 1769; x_wconf 74' lang='lat' dir='ltr'>iu</span> <span class='ocrx_word' id='word_1_192' title='bbox 754 1746 869 1769; x_wconf 79' lang='lat' dir='ltr'>unum</span> <span class='ocrx_word' id='word_1_193' title='bbox 899 1735 996 1770; x_wconf 70' lang='lat' dir='ltr'>uidit</span> <span class='ocrx_word' id='word_1_194' title='bbox 1026 1735 1211 1779; x_wconf 70' lang='lat' dir='ltr'>Boeclcinq</span> <span class='ocrx_word' id='word_1_195' title='bbox 1240 1736 1450 1781; x_wconf 77' lang='lat' dir='ltr'>suppletque</span> 
     </span>
     <span class='ocr_line' id='line_1_31' title="bbox 105 1780 1390 1826; baseline 0.001 -9"><span class='ocrx_word' id='word_1_196' title='bbox 105 1783 209 1818; x_wconf 82' lang='lat' dir='ltr'>haec:</span> <span class='ocrx_word' id='word_1_197' title='bbox 234 1781 365 1816; x_wconf 84' lang='lat' dir='ltr'>uiridis</span> <span class='ocrx_word' id='word_1_198' title='bbox 391 1792 465 1826; x_wconf 88' lang='lat' dir='ltr'>qua</span> <span class='ocrx_word' id='word_1_199' title='bbox 491 1780 610 1826; x_wconf 84' lang='lat' dir='ltr'>surgit</span> <span class='ocrx_word' id='word_1_200' title='bbox 634 1781 726 1826; x_wconf 85' lang='lat' dir='ltr'>ripa,</span> <span class='ocrx_word' id='word_1_201' title='bbox 754 1782 918 1825; x_wconf 83' lang='lat' dir='ltr'>colonus,</span> <span class='ocrx_word' id='word_1_202' title='bbox 944 1782 1030 1817; x_wconf 90' lang='lat' dir='ltr'>Non</span> <span class='ocrx_word' id='word_1_203' title='bbox 1053 1782 1165 1816; x_wconf 80' lang='lat' dir='ltr'>sentit</span> <span class='ocrx_word' id='word_1_204' title='bbox 1187 1783 1191 1826; x_wconf 91' lang='grc' dir='ltr'>Ι</span> <span class='ocrx_word' id='word_1_205' title='bbox 1215 1782 1334 1824; x_wconf 79' lang='lat' dir='ltr'>serica</span> <span class='ocrx_word' id='word_1_206' title='bbox 1353 1782 1390 1817; x_wconf 83' lang='lat' dir='ltr'><em>R</em></span> 
     </span>
     <span class='ocr_line' id='line_1_32' title="bbox 105 1829 1452 1873; baseline 0 -9"><span class='ocrx_word' id='word_1_207' title='bbox 105 1832 173 1864; x_wconf 87' lang='grc'>207</span> <span class='ocrx_word' id='word_1_208' title='bbox 202 1829 382 1864; x_wconf 80' lang='lat' dir='ltr'>excludit:</span> <span class='ocrx_word' id='word_1_209' title='bbox 409 1841 431 1863; x_wconf 78' lang='lat' dir='ltr'><strong>x</strong></span> <span class='ocrx_word' id='word_1_210' title='bbox 452 1840 495 1864; x_wconf 67' lang='lat' dir='ltr'>ea:</span> <span class='ocrx_word' id='word_1_211' title='bbox 515 1840 532 1863; x_wconf 89' lang='lat' dir='ltr'>c</span> <span class='ocrx_word' id='word_1_212' title='bbox 546 1829 597 1862; x_wconf 76' lang='grc' dir='ltr'>Β5</span> <span class='ocrx_word' id='word_1_213' title='bbox 623 1829 841 1863; x_wconf 78' lang='lat' dir='ltr'>excludctL</span> <span class='ocrx_word' id='word_1_214' title='bbox 914 1832 982 1863; x_wconf 90' lang='grc'>208</span> <span class='ocrx_word' id='word_1_215' title='bbox 999 1829 1132 1871; x_wconf 84' lang='lat' dir='ltr'>Quales</span> <span class='ocrx_word' id='word_1_216' title='bbox 1148 1829 1289 1873; x_wconf 78' lang='lat' dir='ltr'>Peiper,</span> <span class='ocrx_word' id='word_1_217' title='bbox 1315 1830 1410 1864; x_wconf 89' lang='lat' dir='ltr'>tales</span> <span class='ocrx_word' id='word_1_218' title='bbox 1426 1843 1452 1864; x_wconf 90' lang='grc' dir='ltr'><em>ω</em></span> 
     </span>
     <span class='ocr_line' id='line_1_33' title="bbox 107 1875 1452 1921; baseline 0.001 -11"><span class='ocrx_word' id='word_1_219' title='bbox 107 1876 218 1912; x_wconf 84' lang='lat' dir='ltr'>Tales</span> <span class='ocrx_word' id='word_1_220' title='bbox 243 1877 326 1911; x_wconf 74' lang='lat' dir='ltr'>mai.</span> <span class='ocrx_word' id='word_1_221' title='bbox 349 1877 428 1911; x_wconf 72' lang='lat' dir='ltr'>init.</span> <span class='ocrx_word' id='word_1_222' title='bbox 451 1877 518 1911; x_wconf 74' lang='lat' dir='ltr'>liet.</span> <span class='ocrx_word' id='word_1_223' title='bbox 535 1876 568 1910; x_wconf 92' lang='lat' dir='ltr'><em>G</em></span> <span class='ocrx_word' id='word_1_224' title='bbox 641 1880 707 1911; x_wconf 86' lang='grc'>209</span> <span class='ocrx_word' id='word_1_225' title='bbox 730 1875 934 1920; x_wconf 83' lang='lat' dir='ltr'>sulphurei:</span> <span class='ocrx_word' id='word_1_226' title='bbox 965 1889 988 1921; x_wconf 90' lang='lat' dir='ltr'>p</span> <span class='ocrx_word' id='word_1_227' title='bbox 1008 1887 1053 1911; x_wconf 76' lang='lat' dir='ltr'>ex</span> <span class='ocrx_word' id='word_1_228' title='bbox 1073 1889 1088 1910; x_wconf 87' lang='lat' dir='ltr'>s</span> <span class='ocrx_word' id='word_1_229' title='bbox 1109 1876 1157 1911; x_wconf 76' lang='lat' dir='ltr'>Gs</span> <span class='ocrx_word' id='word_1_230' title='bbox 1179 1877 1184 1919; x_wconf 90' lang='grc' dir='ltr'>Ι</span> <span class='ocrx_word' id='word_1_231' title='bbox 1207 1887 1290 1910; x_wconf 90' lang='lat' dir='ltr'>cum</span> <span class='ocrx_word' id='word_1_232' title='bbox 1310 1890 1337 1910; x_wconf 89' lang='grc' dir='ltr'><em>ω</em></span> <span class='ocrx_word' id='word_1_233' title='bbox 1365 1877 1452 1911; x_wconf 88' lang='lat' dir='ltr'>dum</span> 
     </span>
     <span class='ocr_line' id='line_1_34' title="bbox 106 1923 1454 1968; baseline 0.001 -10"><span class='ocrx_word' id='word_1_234' title='bbox 106 1923 258 1958; x_wconf 80' lang='lat' dir='ltr'>Schenkl</span> <span class='ocrx_word' id='word_1_235' title='bbox 281 1925 284 1966; x_wconf 91' lang='grc' dir='ltr'>Ι</span> <span class='ocrx_word' id='word_1_236' title='bbox 307 1934 373 1968; x_wconf 90' lang='lat' dir='ltr'>per</span> <span class='ocrx_word' id='word_1_237' title='bbox 398 1934 463 1958; x_wconf 85' lang='lat' dir='ltr'>om.</span> <span class='ocrx_word' id='word_1_238' title='bbox 485 1923 518 1958; x_wconf 89' lang='lat' dir='ltr'><em>G</em></span> <span class='ocrx_word' id='word_1_239' title='bbox 614 1926 682 1957; x_wconf 87' lang='grc'>210</span> <span class='ocrx_word' id='word_1_240' title='bbox 708 1933 870 1967; x_wconf 84' lang='lat' dir='ltr'>perquae</span> <span class='ocrx_word' id='word_1_241' title='bbox 898 1923 945 1958; x_wconf 60' lang='lat' dir='ltr'>Ga</span> <span class='ocrx_word' id='word_1_242' title='bbox 1042 1927 1109 1957; x_wconf 88' lang='grc'>211</span> <span class='ocrx_word' id='word_1_243' title='bbox 1138 1923 1307 1958; x_wconf 81' lang='lat' dir='ltr'>actiacis:</span> <span class='ocrx_word' id='word_1_244' title='bbox 1333 1924 1384 1958; x_wconf 84' lang='lat' dir='ltr'>cis</span> <span class='ocrx_word' id='word_1_245' title='bbox 1411 1935 1454 1959; x_wconf 75' lang='lat' dir='ltr'>ex</span> 
     </span>
     <span class='ocr_line' id='line_1_35' title="bbox 105 1969 1407 2017; baseline 0 -12"><span class='ocrx_word' id='word_1_246' title='bbox 105 1971 153 2005; x_wconf 87' lang='lat' dir='ltr'>tis</span> <span class='ocrx_word' id='word_1_247' title='bbox 179 1972 225 2007; x_wconf 84' lang='lat' dir='ltr'>al.</span> <span class='ocrx_word' id='word_1_248' title='bbox 253 1970 301 2004; x_wconf 79' lang='lat' dir='ltr'>Ls</span> <span class='ocrx_word' id='word_1_249' title='bbox 385 1974 454 2005; x_wconf 92' lang='grc'>212</span> <span class='ocrx_word' id='word_1_250' title='bbox 481 1971 651 2013; x_wconf 68' lang='lat' dir='ltr'>lascuuos</span> <span class='ocrx_word' id='word_1_251' title='bbox 678 1971 726 2005; x_wconf 83' lang='lat' dir='ltr'>Gs</span> <span class='ocrx_word' id='word_1_252' title='bbox 748 1974 751 2014; x_wconf 92' lang='grc' dir='ltr'>Ι</span> <span class='ocrx_word' id='word_1_253' title='bbox 775 1970 916 2015; x_wconf 85' lang='lat' dir='ltr'>proelia.</span> <span class='ocrx_word' id='word_1_254' title='bbox 945 1969 978 2005; x_wconf 91' lang='lat' dir='ltr'><em>G</em></span> <span class='ocrx_word' id='word_1_255' title='bbox 1003 1970 1123 2017; x_wconf 69' lang='lat' dir='ltr'>prelia</span> <span class='ocrx_word' id='word_1_256' title='bbox 1148 1970 1185 2005; x_wconf 88' lang='lat' dir='ltr'><em>B</em></span> <span class='ocrx_word' id='word_1_257' title='bbox 1210 1970 1287 2016; x_wconf 78' lang='lat' dir='ltr'>plia</span> <span class='ocrx_word' id='word_1_258' title='bbox 1313 1970 1407 2005; x_wconf 70' lang='lat' dir='ltr'>RLs</span> 
     </span>
     <span class='ocr_line' id='line_1_36' title="bbox 107 2017 1453 2063; baseline 0 -11"><span class='ocrx_word' id='word_1_259' title='bbox 107 2021 174 2053; x_wconf 89' lang='grc'>213</span> <span class='ocrx_word' id='word_1_260' title='bbox 194 2017 329 2053; x_wconf 88' lang='lat' dir='ltr'>niliace</span> <span class='ocrx_word' id='word_1_261' title='bbox 345 2017 379 2053; x_wconf 91' lang='lat' dir='ltr'><em>G</em></span> <span class='ocrx_word' id='word_1_262' title='bbox 404 2017 574 2052; x_wconf 88' lang='lat' dir='ltr'>miliaeae</span> <span class='ocrx_word' id='word_1_263' title='bbox 594 2017 629 2051; x_wconf 89' lang='lat' dir='ltr'><em>L</em></span> <span class='ocrx_word' id='word_1_264' title='bbox 702 2021 771 2052; x_wconf 80' lang='grc'>214</span> <span class='ocrx_word' id='word_1_265' title='bbox 791 2020 888 2052; x_wconf 84' lang='lat' dir='ltr'>artes</span> <span class='ocrx_word' id='word_1_266' title='bbox 902 2017 937 2051; x_wconf 91' lang='lat' dir='ltr'><em>L</em></span> <span class='ocrx_word' id='word_1_267' title='bbox 1011 2021 1079 2052; x_wconf 85' lang='grc'>215</span> <span class='ocrx_word' id='word_1_268' title='bbox 1103 2019 1134 2053; x_wconf 89' lang='grc' dir='ltr'><strong>Α</strong></span> <span class='ocrx_word' id='word_1_269' title='bbox 1154 2019 1197 2052; x_wconf 92' lang='lat' dir='ltr'>ut</span> <span class='ocrx_word' id='word_1_270' title='bbox 1215 2018 1453 2063; x_wconf 38' lang='lat' dir='ltr'>pompei-ani</span> 
     </span>
    </p>
   </div>
   <div class='ocr_carea' id='block_1_5' title="bbox 107 2073 1363 2133">
    <p class='ocr_par' dir='ltr' id='par_1_7' title="bbox 107 2073 1363 2133">
     <span class='ocr_line' id='line_1_37' title="bbox 107 2073 1363 2133; baseline -0.001 -10"><span class='ocrx_word' id='word_1_271' title='bbox 107 2089 139 2123; x_wconf 80' lang='lat' dir='ltr'><em>G</em></span> <span class='ocrx_word' id='word_1_272' title='bbox 179 2090 184 2133; x_wconf 82' lang='grc' dir='ltr'>ι</span> <span class='ocrx_word' id='word_1_273' title='bbox 223 2073 417 2133; x_wconf 58' lang='grc' dir='ltr'>ωξαεεωια</span> <span class='ocrx_word' id='word_1_274' title='bbox 444 2090 481 2132; x_wconf 74' lang='lat' dir='ltr'>&lt;a</span> <span class='ocrx_word' id='word_1_275' title='bbox 505 2088 570 2133; x_wconf 79' lang='lat' dir='ltr'>az.)</span> <span class='ocrx_word' id='word_1_276' title='bbox 597 2088 630 2122; x_wconf 81' lang='lat' dir='ltr'><em>G</em></span> <span class='ocrx_word' id='word_1_277' title='bbox 664 2088 845 2123; x_wconf 80' lang='lat' dir='ltr'>milasena</span> <span class='ocrx_word' id='word_1_278' title='bbox 871 2088 952 2123; x_wconf 84' lang='lat' dir='ltr'>RB</span> <span class='ocrx_word' id='word_1_279' title='bbox 977 2089 1044 2133; x_wconf 75' lang='lat' dir='ltr'>(na</span> <span class='ocrx_word' id='word_1_280' title='bbox 1069 2089 1110 2123; x_wconf 73' lang='lat' dir='ltr'>in</span> <span class='ocrx_word' id='word_1_281' title='bbox 1134 2098 1207 2124; x_wconf 74' lang='lat' dir='ltr'>ras.</span> <span class='ocrx_word' id='word_1_282' title='bbox 1232 2087 1303 2132; x_wconf 82' lang='lat' dir='ltr'>B),</span> <span class='ocrx_word' id='word_1_283' title='bbox 1330 2088 1363 2122; x_wconf 88' lang='lat' dir='ltr'><em>L</em></span> 
     </span>
    </p>
   </div>
   <div class='ocr_carea' id='block_1_6' title="bbox 104 2146 1451 2336">
    <p class='ocr_par' dir='ltr' id='par_1_8' title="bbox 104 2146 1451 2336">
     <span class='ocr_line' id='line_1_38' title="bbox 105 2146 1451 2194; baseline -0.001 -11"><span class='ocrx_word' id='word_1_284' title='bbox 105 2152 173 2183; x_wconf 87' lang='grc'>216</span> <span class='ocrx_word' id='word_1_285' title='bbox 200 2148 366 2183; x_wconf 72' lang='lat' dir='ltr'>sonantia</span> <span class='ocrx_word' id='word_1_286' title='bbox 387 2147 420 2182; x_wconf 89' lang='lat' dir='ltr'><em>G</em></span> <span class='ocrx_word' id='word_1_287' title='bbox 442 2148 447 2191; x_wconf 91' lang='grc' dir='ltr'>Ι</span> <span class='ocrx_word' id='word_1_288' title='bbox 470 2147 623 2183; x_wconf 80' lang='lat' dir='ltr'>cumbae</span> <span class='ocrx_word' id='word_1_289' title='bbox 645 2147 678 2181; x_wconf 82' lang='lat' dir='ltr'><em>G</em></span> <span class='ocrx_word' id='word_1_290' title='bbox 704 2147 846 2183; x_wconf 84' lang='lat' dir='ltr'>cimbae</span> <span class='ocrx_word' id='word_1_291' title='bbox 863 2147 899 2182; x_wconf 80' lang='lat' dir='ltr'><strong><em>R</em></strong></span> <span class='ocrx_word' id='word_1_292' title='bbox 927 2148 1058 2194; x_wconf 70' lang='lat' dir='ltr'>cymbe</span> <span class='ocrx_word' id='word_1_293' title='bbox 1077 2147 1154 2182; x_wconf 90' lang='lat' dir='ltr'>BL</span> <span class='ocrx_word' id='word_1_294' title='bbox 1180 2146 1316 2181; x_wconf 85' lang='lat' dir='ltr'>Cumae</span> <span class='ocrx_word' id='word_1_295' title='bbox 1337 2147 1451 2182; x_wconf 81' lang='lat' dir='ltr'>Hein-</span> 
     </span>
     <span class='ocr_line' id='line_1_39' title="bbox 104 2194 1449 2239; baseline -0.002 -8"><span class='ocrx_word' id='word_1_296' title='bbox 104 2197 181 2231; x_wconf 85' lang='lat' dir='ltr'>sius</span> <span class='ocrx_word' id='word_1_297' title='bbox 253 2199 321 2230; x_wconf 84' lang='grc'>217</span> <span class='ocrx_word' id='word_1_298' title='bbox 348 2195 473 2239; x_wconf 83' lang='lat' dir='ltr'>pulsos</span> <span class='ocrx_word' id='word_1_299' title='bbox 500 2194 534 2228; x_wconf 91' lang='lat' dir='ltr'><em>L</em></span> <span class='ocrx_word' id='word_1_300' title='bbox 557 2196 561 2239; x_wconf 92' lang='grc' dir='ltr'>Ι</span> <span class='ocrx_word' id='word_1_301' title='bbox 584 2194 750 2229; x_wconf 83' lang='lat' dir='ltr'>locantes</span> <span class='ocrx_word' id='word_1_302' title='bbox 777 2195 810 2229; x_wconf 88' lang='lat' dir='ltr'><em>G</em></span> <span class='ocrx_word' id='word_1_303' title='bbox 882 2199 950 2230; x_wconf 88' lang='grc'>218</span> <span class='ocrx_word' id='word_1_304' title='bbox 977 2194 1105 2239; x_wconf 85' lang='lat' dir='ltr'>syculo</span> <span class='ocrx_word' id='word_1_305' title='bbox 1131 2194 1167 2228; x_wconf 91' lang='lat' dir='ltr'><em>B</em></span> <span class='ocrx_word' id='word_1_306' title='bbox 1189 2195 1193 2237; x_wconf 89' lang='grc' dir='ltr'>Ι</span> <span class='ocrx_word' id='word_1_307' title='bbox 1225 2194 1397 2238; x_wconf 86' lang='lat' dir='ltr'>spectata</span> <span class='ocrx_word' id='word_1_308' title='bbox 1422 2207 1449 2228; x_wconf 85' lang='grc' dir='ltr'><em>ω</em></span> 
     </span>
     <span class='ocr_line' id='line_1_40' title="bbox 105 2241 1451 2288; baseline -0.002 -10"><span class='ocrx_word' id='word_1_309' title='bbox 105 2243 296 2288; x_wconf 83' lang='lat' dir='ltr'>spectante</span> <span class='ocrx_word' id='word_1_310' title='bbox 316 2242 487 2287; x_wconf 73' lang='lat' dir='ltr'>Luyclun.</span> <span class='ocrx_word' id='word_1_311' title='bbox 563 2245 630 2276; x_wconf 86' lang='grc'>219</span> <span class='ocrx_word' id='word_1_312' title='bbox 657 2244 788 2286; x_wconf 83' lang='lat' dir='ltr'>pontes</span> <span class='ocrx_word' id='word_1_313' title='bbox 810 2242 842 2276; x_wconf 86' lang='lat' dir='ltr'><em>G</em></span> <span class='ocrx_word' id='word_1_314' title='bbox 870 2243 964 2285; x_wconf 82' lang='lat' dir='ltr'>(ntes</span> <span class='ocrx_word' id='word_1_315' title='bbox 990 2243 1032 2277; x_wconf 74' lang='lat' dir='ltr'>iu</span> <span class='ocrx_word' id='word_1_316' title='bbox 1056 2252 1127 2277; x_wconf 81' lang='lat' dir='ltr'>ras.</span> <span class='ocrx_word' id='word_1_317' title='bbox 1143 2241 1205 2286; x_wconf 57' lang='grc' dir='ltr'>ΘΒ)</span> <span class='ocrx_word' id='word_1_318' title='bbox 1274 2244 1342 2276; x_wconf 87' lang='grc'>220</span> <span class='ocrx_word' id='word_1_319' title='bbox 1368 2241 1451 2276; x_wconf 88' lang='lat' dir='ltr'>Non</span> 
     </span>
     <span class='ocr_line' id='line_1_41' title="bbox 105 2288 1007 2336; baseline -0.002 -11"><span class='ocrx_word' id='word_1_320' title='bbox 105 2291 190 2325; x_wconf 75' lang='lat' dir='ltr'>mai.</span> <span class='ocrx_word' id='word_1_321' title='bbox 217 2291 284 2325; x_wconf 75' lang='lat' dir='ltr'>litt.</span> <span class='ocrx_word' id='word_1_322' title='bbox 311 2291 392 2325; x_wconf 72' lang='lat' dir='ltr'>init.</span> <span class='ocrx_word' id='word_1_323' title='bbox 421 2289 454 2324; x_wconf 91' lang='lat' dir='ltr'><em>G</em></span> <span class='ocrx_word' id='word_1_324' title='bbox 485 2291 494 2334; x_wconf 85' lang='grc' dir='ltr'>Ι</span> <span class='ocrx_word' id='word_1_325' title='bbox 524 2288 700 2334; x_wconf 88' lang='lat' dir='ltr'>ephoebis</span> <span class='ocrx_word' id='word_1_326' title='bbox 728 2289 761 2323; x_wconf 84' lang='lat' dir='ltr'><em>G</em></span> <span class='ocrx_word' id='word_1_327' title='bbox 793 2288 948 2336; x_wconf 67' lang='lat' dir='ltr'>ephebis</span> <span class='ocrx_word' id='word_1_328' title='bbox 972 2288 1007 2323; x_wconf 87' lang='lat' dir='ltr'><em>L</em></span> 
     </span>
    </p>
   </div>
  </div>
 </body>
</html>
