<?xml version="1.0" encoding="UTF-8"?>
<!DOCTYPE html PUBLIC "-//W3C//DTD XHTML 1.0 Transitional//EN"
    "http://www.w3.org/TR/xhtml1/DTD/xhtml1-transitional.dtd">
<html xmlns="http://www.w3.org/1999/xhtml" xml:lang="en" lang="en">
 <head>
  <title>
</title>
<meta http-equiv="Content-Type" content="text/html;charset=utf-8" />
  <meta name='ocr-system' content='tesseract 3.04.00' />
  <meta name='ocr-capabilities' content='ocr_page ocr_carea ocr_par ocr_line ocrx_word'/>
</head>
<body>
  <div class='ocr_page' id='page_1' title='image "./opuscula00ausouoft/opuscula00ausouoft_0177.png"; bbox 0 0 1563 2511; ppageno 0'>
   <div class='ocr_carea' id='block_1_1' title="bbox 549 34 889 105">
    <p class='ocr_par' dir='ltr' id='par_1_1' title="bbox 549 34 889 105">
     <span class='ocr_line' id='line_1_1' title="bbox 549 34 889 105; baseline 0.009 -14"><span class='ocrx_word' id='word_1_1' title='bbox 549 34 650 94; x_wconf 46' lang='grc'>’.-</span> <span class='ocrx_word' id='word_1_2' title='bbox 714 65 889 105; x_wconf 73' lang='grc'>43-</span> 
     </span>
    </p>
   </div>
   <div class='ocr_carea' id='block_1_2' title="bbox 6 170 1417 401">
    <p class='ocr_par' dir='ltr' id='par_1_2' title="bbox 6 170 1417 401">
     <span class='ocr_line' id='line_1_2' title="bbox 6 170 1417 231; baseline -0.001 -18"><span class='ocrx_word' id='word_1_3' title='bbox 6 217 7 231; x_wconf 21' lang='grc' dir='ltr'><strong>Ὶ</strong></span> <span class='ocrx_word' id='word_1_4' title='bbox 74 170 258 213; x_wconf 87' lang='lat' dir='ltr'>Sortitos</span> <span class='ocrx_word' id='word_1_5' title='bbox 291 170 423 225; x_wconf 81' lang='lat' dir='ltr'>igitur</span> <span class='ocrx_word' id='word_1_6' title='bbox 453 173 543 211; x_wconf 91' lang='lat' dir='ltr'>tam</span> <span class='ocrx_word' id='word_1_7' title='bbox 576 184 674 211; x_wconf 87' lang='lat' dir='ltr'>cara</span> <span class='ocrx_word' id='word_1_8' title='bbox 704 171 914 212; x_wconf 74' lang='lat' dir='ltr'>uocabula</span> <span class='ocrx_word' id='word_1_9' title='bbox 946 171 1071 212; x_wconf 88' lang='lat' dir='ltr'>nobis</span> <span class='ocrx_word' id='word_1_10' title='bbox 1244 185 1245 188; x_wconf 72' lang='grc'>’</span> <span class='ocrx_word' id='word_1_11' title='bbox 1398 181 1417 212; x_wconf 83' lang='lat'>5</span> 
     </span>
     <span class='ocr_line' id='line_1_3' title="bbox 133 229 1073 283; baseline 0.001 -13"><span class='ocrx_word' id='word_1_12' title='bbox 133 229 404 283; x_wconf 84' lang='lat' dir='ltr'>Stringamus</span> <span class='ocrx_word' id='word_1_13' title='bbox 438 229 591 271; x_wconf 86' lang='lat' dir='ltr'>maesti</span> <span class='ocrx_word' id='word_1_14' title='bbox 623 229 822 270; x_wconf 84' lang='lat' dir='ltr'>carminis</span> <span class='ocrx_word' id='word_1_15' title='bbox 857 229 1073 283; x_wconf 88' lang='lat' dir='ltr'>obsequio.</span> 
     </span>
     <span class='ocr_line' id='line_1_4' title="bbox 74 287 1199 342; baseline 0.001 -13"><span class='ocrx_word' id='word_1_16' title='bbox 74 288 278 337; x_wconf 83' lang='lat' dir='ltr'>Quamuis</span> <span class='ocrx_word' id='word_1_17' title='bbox 312 287 541 329; x_wconf 85' lang='lat' dir='ltr'>Santonica</span> <span class='ocrx_word' id='word_1_18' title='bbox 570 289 719 342; x_wconf 88' lang='lat' dir='ltr'>procul</span> <span class='ocrx_word' id='word_1_19' title='bbox 751 288 795 328; x_wconf 89' lang='lat' dir='ltr'>in</span> <span class='ocrx_word' id='word_1_20' title='bbox 827 287 980 328; x_wconf 85' lang='lat' dir='ltr'>tellure</span> <span class='ocrx_word' id='word_1_21' title='bbox 1013 288 1199 330; x_wconf 87' lang='lat' dir='ltr'>iacentes</span> 
     </span>
     <span class='ocr_line' id='line_1_5' title="bbox 132 346 1040 401; baseline -0.001 -13"><span class='ocrx_word' id='word_1_22' title='bbox 132 347 332 388; x_wconf 87' lang='lat' dir='ltr'>Peruenit</span> <span class='ocrx_word' id='word_1_23' title='bbox 364 347 416 389; x_wconf 84' lang='lat' dir='ltr'>ad</span> <span class='ocrx_word' id='word_1_24' title='bbox 449 361 592 388; x_wconf 89' lang='lat' dir='ltr'>manes</span> <span class='ocrx_word' id='word_1_25' title='bbox 626 346 859 401; x_wconf 82' lang='lat' dir='ltr'>exequialis</span> <span class='ocrx_word' id='word_1_26' title='bbox 891 346 1040 388; x_wconf 91' lang='lat' dir='ltr'>honor.</span> 
     </span>
    </p>
   </div>
   <div class='ocr_carea' id='block_1_3' title="bbox 0 446 1303 520">
    <p class='ocr_par' dir='ltr' id='par_1_3' title="bbox 0 446 1303 520">
     <span class='ocr_line' id='line_1_6' title="bbox 0 446 1303 520; baseline -0.004 -7"><span class='ocrx_word' id='word_1_27' title='bbox 0 446 76 520; x_wconf 44' lang='lat'>¹1181]</span> <span class='ocrx_word' id='word_1_28' title='bbox 172 473 286 508; x_wconf 86' lang='lat' dir='ltr'>XXII.</span> <span class='ocrx_word' id='word_1_29' title='bbox 323 473 538 509; x_wconf 81' lang='lat' dir='ltr'><strong>SEVERVS</strong></span> <span class='ocrx_word' id='word_1_30' title='bbox 566 472 756 508; x_wconf 84' lang='lat' dir='ltr'>CENSOR</span> <span class='ocrx_word' id='word_1_31' title='bbox 782 472 1011 508; x_wconf 85' lang='lat' dir='ltr'><strong>IVLIANVS</strong></span> <span class='ocrx_word' id='word_1_32' title='bbox 1038 472 1303 508; x_wconf 83' lang='lat' dir='ltr'>CONSOCER.</span> 
     </span>
    </p>
   </div>
   <div class='ocr_carea' id='block_1_4' title="bbox 71 556 1418 1495">
    <p class='ocr_par' dir='ltr' id='par_1_4' title="bbox 71 556 1418 1495">
     <span class='ocr_line' id='line_1_7' title="bbox 72 556 1214 613; baseline -0.001 -14"><span class='ocrx_word' id='word_1_33' title='bbox 72 558 284 612; x_wconf 74' lang='lat' dir='ltr'>Desinite,</span> <span class='ocrx_word' id='word_1_34' title='bbox 317 573 340 599; x_wconf 95' lang='lat' dir='ltr'>o</span> <span class='ocrx_word' id='word_1_35' title='bbox 373 561 557 611; x_wconf 84' lang='lat' dir='ltr'>ueteres,</span> <span class='ocrx_word' id='word_1_36' title='bbox 591 556 824 613; x_wconf 87' lang='lat' dir='ltr'>Calpurnia</span> <span class='ocrx_word' id='word_1_37' title='bbox 856 559 1049 607; x_wconf 89' lang='lat' dir='ltr'>nomina,</span> <span class='ocrx_word' id='word_1_38' title='bbox 1082 557 1214 613; x_wconf 82' lang='lat' dir='ltr'>Frugi</span> 
     </span>
     <span class='ocr_line' id='line_1_8' title="bbox 130 617 1299 672; baseline -0.001 -14"><span class='ocrx_word' id='word_1_39' title='bbox 130 617 191 658; x_wconf 84' lang='lat' dir='ltr'>Vt</span> <span class='ocrx_word' id='word_1_40' title='bbox 222 617 446 672; x_wconf 89' lang='lat' dir='ltr'>proprium</span> <span class='ocrx_word' id='word_1_41' title='bbox 477 617 559 658; x_wconf 89' lang='lat' dir='ltr'>hoc</span> <span class='ocrx_word' id='word_1_42' title='bbox 590 619 760 658; x_wconf 85' lang='lat' dir='ltr'>uestrae</span> <span class='ocrx_word' id='word_1_43' title='bbox 793 617 934 671; x_wconf 82' lang='lat' dir='ltr'>gentis</span> <span class='ocrx_word' id='word_1_44' title='bbox 970 617 1129 657; x_wconf 82' lang='lat' dir='ltr'>habere</span> <span class='ocrx_word' id='word_1_45' title='bbox 1163 617 1299 658; x_wconf 83' lang='lat' dir='ltr'>decus.</span> 
     </span>
     <span class='ocr_line' id='line_1_9' title="bbox 72 675 1212 730; baseline 0 -13"><span class='ocrx_word' id='word_1_46' title='bbox 72 675 162 717; x_wconf 90' lang='lat' dir='ltr'>Nec</span> <span class='ocrx_word' id='word_1_47' title='bbox 196 677 312 717; x_wconf 89' lang='lat' dir='ltr'>solus</span> <span class='ocrx_word' id='word_1_48' title='bbox 346 690 514 730; x_wconf 80' lang='lat' dir='ltr'>semper</span> <span class='ocrx_word' id='word_1_49' title='bbox 547 690 696 717; x_wconf 89' lang='lat' dir='ltr'>censor</span> <span class='ocrx_word' id='word_1_50' title='bbox 728 675 837 718; x_wconf 83' lang='lat' dir='ltr'>Cato</span> <span class='ocrx_word' id='word_1_51' title='bbox 870 690 948 717; x_wconf 90' lang='lat' dir='ltr'>nec</span> <span class='ocrx_word' id='word_1_52' title='bbox 980 676 1063 717; x_wconf 86' lang='lat' dir='ltr'>sibi</span> <span class='ocrx_word' id='word_1_53' title='bbox 1096 676 1212 717; x_wconf 85' lang='lat' dir='ltr'>solus</span> 
     </span>
     <span class='ocr_line' id='line_1_10' title="bbox 130 734 1037 788; baseline 0 -13"><span class='ocrx_word' id='word_1_54' title='bbox 130 734 275 775; x_wconf 90' lang='lat' dir='ltr'>Iustus</span> <span class='ocrx_word' id='word_1_55' title='bbox 308 734 519 775; x_wconf 76' lang='lat' dir='ltr'>Aristides</span> <span class='ocrx_word' id='word_1_56' title='bbox 552 735 619 775; x_wconf 89' lang='lat' dir='ltr'>his</span> <span class='ocrx_word' id='word_1_57' title='bbox 652 735 853 788; x_wconf 72' lang='lat' dir='ltr'>placeant</span> <span class='ocrx_word' id='word_1_58' title='bbox 884 735 1037 776; x_wconf 82' lang='lat' dir='ltr'>titulis.</span> 
     </span>
     <span class='ocr_line' id='line_1_11' title="bbox 71 793 1418 848; baseline -0.001 -13"><span class='ocrx_word' id='word_1_59' title='bbox 71 793 184 835; x_wconf 87' lang='lat' dir='ltr'>Nam</span> <span class='ocrx_word' id='word_1_60' title='bbox 217 794 386 848; x_wconf 82' lang='lat' dir='ltr'>sapiens</span> <span class='ocrx_word' id='word_1_61' title='bbox 419 794 672 848; x_wconf 76' lang='lat' dir='ltr'>quicumque</span> <span class='ocrx_word' id='word_1_62' title='bbox 704 793 787 834; x_wconf 89' lang='lat' dir='ltr'>fuit</span> <span class='ocrx_word' id='word_1_63' title='bbox 819 808 1052 847; x_wconf 90' lang='lat' dir='ltr'>uerumque</span> <span class='ocrx_word' id='word_1_64' title='bbox 1083 794 1293 848; x_wconf 87' lang='lat' dir='ltr'>fidemque</span> <span class='ocrx_word' id='word_1_65' title='bbox 1398 803 1418 834; x_wconf 87' lang='lat'>5</span> 
     </span>
     <span class='ocr_line' id='line_1_12' title="bbox 132 851 1195 906; baseline 0.001 -14"><span class='ocrx_word' id='word_1_66' title='bbox 132 851 214 901; x_wconf 77' lang='lat' dir='ltr'>Qui</span> <span class='ocrx_word' id='word_1_67' title='bbox 247 852 396 906; x_wconf 89' lang='lat' dir='ltr'>coluit,</span> <span class='ocrx_word' id='word_1_68' title='bbox 429 853 627 894; x_wconf 90' lang='lat' dir='ltr'>comitem</span> <span class='ocrx_word' id='word_1_69' title='bbox 661 867 705 893; x_wconf 92' lang='lat' dir='ltr'>se</span> <span class='ocrx_word' id='word_1_70' title='bbox 738 852 834 902; x_wconf 84' lang='lat' dir='ltr'>tibi,</span> <span class='ocrx_word' id='word_1_71' title='bbox 868 851 1048 904; x_wconf 84' lang='lat' dir='ltr'>Censor,</span> <span class='ocrx_word' id='word_1_72' title='bbox 1082 855 1195 906; x_wconf 80' lang='lat' dir='ltr'>agat.</span> 
     </span>
     <span class='ocr_line' id='line_1_13' title="bbox 72 911 1216 966; baseline 0.001 -15"><span class='ocrx_word' id='word_1_73' title='bbox 72 911 134 951; x_wconf 89' lang='lat' dir='ltr'>Tu</span> <span class='ocrx_word' id='word_1_74' title='bbox 168 911 311 966; x_wconf 80' lang='lat' dir='ltr'>grauis</span> <span class='ocrx_word' id='word_1_75' title='bbox 345 914 387 952; x_wconf 89' lang='lat' dir='ltr'>et</span> <span class='ocrx_word' id='word_1_76' title='bbox 418 912 551 952; x_wconf 85' lang='lat' dir='ltr'>comis</span> <span class='ocrx_word' id='word_1_77' title='bbox 584 926 679 952; x_wconf 89' lang='lat' dir='ltr'>cum</span> <span class='ocrx_word' id='word_1_78' title='bbox 712 911 962 966; x_wconf 85' lang='lat' dir='ltr'>iustitiaque</span> <span class='ocrx_word' id='word_1_79' title='bbox 995 912 1216 965; x_wconf 84' lang='lat' dir='ltr'>remissus,</span> 
     </span>
     <span class='ocr_line' id='line_1_14' title="bbox 130 969 1014 1025; baseline 0 -15"><span class='ocrx_word' id='word_1_80' title='bbox 130 970 327 1011; x_wconf 82' lang='lat' dir='ltr'>Austeris</span> <span class='ocrx_word' id='word_1_81' title='bbox 362 969 510 1011; x_wconf 84' lang='lat' dir='ltr'>doctus</span> <span class='ocrx_word' id='word_1_82' title='bbox 544 970 718 1025; x_wconf 80' lang='lat' dir='ltr'>iungere</span> <span class='ocrx_word' id='word_1_83' title='bbox 751 970 1014 1024; x_wconf 79' lang='lat' dir='ltr'>temperiem.</span> 
     </span>
     <span class='ocr_line' id='line_1_15' title="bbox 74 1028 1198 1083; baseline 0.001 -15"><span class='ocrx_word' id='word_1_84' title='bbox 74 1028 139 1069; x_wconf 88' lang='lat' dir='ltr'>Tu</span> <span class='ocrx_word' id='word_1_85' title='bbox 171 1043 258 1069; x_wconf 84' lang='lat' dir='ltr'>non</span> <span class='ocrx_word' id='word_1_86' title='bbox 292 1029 455 1070; x_wconf 86' lang='lat' dir='ltr'>adscito</span> <span class='ocrx_word' id='word_1_87' title='bbox 487 1029 568 1070; x_wconf 82' lang='lat' dir='ltr'>tibi</span> <span class='ocrx_word' id='word_1_88' title='bbox 600 1043 666 1069; x_wconf 90' lang='lat' dir='ltr'>me</span> <span class='ocrx_word' id='word_1_89' title='bbox 699 1043 777 1069; x_wconf 84' lang='lat' dir='ltr'>nec</span> <span class='ocrx_word' id='word_1_90' title='bbox 810 1029 1021 1083; x_wconf 77' lang='lat' dir='ltr'>sanguine</span> <span class='ocrx_word' id='word_1_91' title='bbox 1054 1029 1198 1070; x_wconf 87' lang='lat' dir='ltr'>iuncto</span> 
     </span>
     <span class='ocr_line' id='line_1_16' title="bbox 131 1086 1417 1142; baseline 0 -14"><span class='ocrx_word' id='word_1_92' title='bbox 131 1086 305 1142; x_wconf 75' lang='lat' dir='ltr'>Optasti</span> <span class='ocrx_word' id='word_1_93' title='bbox 336 1090 507 1137; x_wconf 84' lang='lat' dir='ltr'>nostras</span> <span class='ocrx_word' id='word_1_94' title='bbox 541 1088 784 1129; x_wconf 85' lang='lat' dir='ltr'>consociare</span> <span class='ocrx_word' id='word_1_95' title='bbox 817 1088 978 1128; x_wconf 87' lang='lat' dir='ltr'>domos.</span> <span class='ocrx_word' id='word_1_96' title='bbox 1375 1097 1417 1128; x_wconf 88' lang='lat'>10</span> 
     </span>
     <span class='ocr_line' id='line_1_17' title="bbox 71 1145 1312 1201; baseline -0.001 -14"><span class='ocrx_word' id='word_1_97' title='bbox 71 1145 236 1200; x_wconf 85' lang='lat' dir='ltr'>Nempe</span> <span class='ocrx_word' id='word_1_98' title='bbox 269 1147 415 1201; x_wconf 86' lang='lat' dir='ltr'>aliqua</span> <span class='ocrx_word' id='word_1_99' title='bbox 446 1147 490 1187; x_wconf 82' lang='lat' dir='ltr'>in</span> <span class='ocrx_word' id='word_1_100' title='bbox 522 1146 646 1187; x_wconf 87' lang='lat' dir='ltr'>nobis</span> <span class='ocrx_word' id='word_1_101' title='bbox 680 1161 846 1187; x_wconf 91' lang='lat' dir='ltr'>morum</span> <span class='ocrx_word' id='word_1_102' title='bbox 880 1147 1107 1187; x_wconf 84' lang='lat' dir='ltr'>simulacra</span> <span class='ocrx_word' id='word_1_103' title='bbox 1139 1148 1312 1187; x_wconf 89' lang='lat' dir='ltr'>tuorum</span> 
     </span>
     <span class='ocr_line' id='line_1_18' title="bbox 129 1204 920 1260; baseline 0 -14"><span class='ocrx_word' id='word_1_104' title='bbox 129 1204 308 1260; x_wconf 81' lang='lat' dir='ltr'>Effigies</span> <span class='ocrx_word' id='word_1_105' title='bbox 341 1205 479 1246; x_wconf 88' lang='lat' dir='ltr'>nostri</span> <span class='ocrx_word' id='word_1_106' title='bbox 510 1206 709 1259; x_wconf 84' lang='lat' dir='ltr'>praebuit</span> <span class='ocrx_word' id='word_1_107' title='bbox 741 1205 920 1259; x_wconf 82' lang='lat' dir='ltr'>ingenii:</span> 
     </span>
     <span class='ocr_line' id='line_1_19' title="bbox 72 1263 1122 1318; baseline 0 -14"><span class='ocrx_word' id='word_1_108' title='bbox 72 1263 161 1304; x_wconf 83' lang='lat' dir='ltr'>Aut</span> <span class='ocrx_word' id='word_1_109' title='bbox 192 1264 279 1304; x_wconf 87' lang='lat' dir='ltr'>iam</span> <span class='ocrx_word' id='word_1_110' title='bbox 310 1263 525 1305; x_wconf 74' lang='lat' dir='ltr'>Fortunae</span> <span class='ocrx_word' id='word_1_111' title='bbox 559 1265 620 1304; x_wconf 85' lang='lat' dir='ltr'>sic</span> <span class='ocrx_word' id='word_1_112' title='bbox 654 1278 697 1304; x_wconf 90' lang='lat' dir='ltr'>se</span> <span class='ocrx_word' id='word_1_113' title='bbox 730 1264 898 1318; x_wconf 80' lang='lat' dir='ltr'>uertigo</span> <span class='ocrx_word' id='word_1_114' title='bbox 932 1265 1122 1317; x_wconf 84' lang='lat' dir='ltr'>rotabat,</span> 
     </span>
     <span class='ocr_line' id='line_1_20' title="bbox 129 1322 1119 1377; baseline 0 -14"><span class='ocrx_word' id='word_1_115' title='bbox 129 1322 190 1363; x_wconf 89' lang='lat' dir='ltr'>Vt</span> <span class='ocrx_word' id='word_1_116' title='bbox 221 1323 388 1377; x_wconf 88' lang='lat' dir='ltr'>pondus</span> <span class='ocrx_word' id='word_1_117' title='bbox 419 1323 522 1363; x_wconf 85' lang='lat' dir='ltr'>fatis</span> <span class='ocrx_word' id='word_1_118' title='bbox 555 1325 643 1364; x_wconf 86' lang='lat' dir='ltr'>tam</span> <span class='ocrx_word' id='word_1_119' title='bbox 677 1323 791 1364; x_wconf 86' lang='lat' dir='ltr'>bona</span> <span class='ocrx_word' id='word_1_120' title='bbox 824 1325 926 1364; x_wconf 88' lang='lat' dir='ltr'>uota</span> <span class='ocrx_word' id='word_1_121' title='bbox 959 1323 1119 1363; x_wconf 84' lang='lat' dir='ltr'>darent.</span> 
     </span>
     <span class='ocr_line' id='line_1_21' title="bbox 72 1379 1418 1436; baseline 0 -15"><span class='ocrx_word' id='word_1_122' title='bbox 72 1379 117 1422; x_wconf 88' lang='lat' dir='ltr'>Si</span> <span class='ocrx_word' id='word_1_123' title='bbox 149 1382 249 1436; x_wconf 86' lang='lat' dir='ltr'>quid</span> <span class='ocrx_word' id='word_1_124' title='bbox 283 1384 387 1435; x_wconf 87' lang='lat' dir='ltr'>aput</span> <span class='ocrx_word' id='word_1_125' title='bbox 420 1396 566 1422; x_wconf 86' lang='lat' dir='ltr'>manes</span> <span class='ocrx_word' id='word_1_126' title='bbox 600 1382 750 1435; x_wconf 86' lang='lat' dir='ltr'>sentis,</span> <span class='ocrx_word' id='word_1_127' title='bbox 783 1382 902 1422; x_wconf 84' lang='lat' dir='ltr'>fouet</span> <span class='ocrx_word' id='word_1_128' title='bbox 927 1382 1009 1422; x_wconf 89' lang='lat' dir='ltr'>hoc</span> <span class='ocrx_word' id='word_1_129' title='bbox 1034 1381 1116 1422; x_wconf 85' lang='lat' dir='ltr'>tibi</span> <span class='ocrx_word' id='word_1_130' title='bbox 1142 1383 1342 1434; x_wconf 80' lang='lat' dir='ltr'>mentem,</span> <span class='ocrx_word' id='word_1_131' title='bbox 1378 1389 1418 1421; x_wconf 85' lang='lat'>15</span> 
     </span>
     <span class='ocr_line' id='line_1_22' title="bbox 132 1440 1069 1495; baseline 0.001 -14"><span class='ocrx_word' id='word_1_132' title='bbox 132 1440 255 1489; x_wconf 81' lang='lat' dir='ltr'>Quod</span> <span class='ocrx_word' id='word_1_133' title='bbox 287 1441 379 1482; x_wconf 86' lang='lat' dir='ltr'>fieri</span> <span class='ocrx_word' id='word_1_134' title='bbox 412 1444 609 1495; x_wconf 84' lang='lat' dir='ltr'>optaras,</span> <span class='ocrx_word' id='word_1_135' title='bbox 640 1441 682 1481; x_wconf 88' lang='lat' dir='ltr'>id</span> <span class='ocrx_word' id='word_1_136' title='bbox 713 1441 901 1481; x_wconf 85' lang='lat' dir='ltr'>uoluisse</span> <span class='ocrx_word' id='word_1_137' title='bbox 934 1440 1069 1482; x_wconf 85' lang='lat' dir='ltr'>deum.</span> 
     </span>
    </p>
   </div>
   <div class='ocr_carea' id='block_1_5' title="bbox 3 1566 1342 1650">
    <p class='ocr_par' dir='ltr' id='par_1_5' title="bbox 3 1566 1342 1650">
     <span class='ocr_line' id='line_1_23' title="bbox 3 1566 1342 1613; baseline -0.004 -8"><span class='ocrx_word' id='word_1_138' title='bbox 3 1580 78 1611; x_wconf 74' lang='lat'>[182]</span> <span class='ocrx_word' id='word_1_139' title='bbox 145 1567 275 1602; x_wconf 85' lang='lat' dir='ltr'>XXIII.</span> <span class='ocrx_word' id='word_1_140' title='bbox 313 1567 553 1602; x_wconf 88' lang='lat' dir='ltr'>PAVLINVS</span> <span class='ocrx_word' id='word_1_141' title='bbox 580 1567 643 1602; x_wconf 78' lang='lat' dir='ltr'>ET</span> <span class='ocrx_word' id='word_1_142' title='bbox 670 1567 895 1613; x_wconf 76' lang='lat' dir='ltr'><strong>DRYADIA,</strong></span> <span class='ocrx_word' id='word_1_143' title='bbox 917 1567 1027 1601; x_wconf 84' lang='lat' dir='ltr'><strong>FILII</strong></span> <span class='ocrx_word' id='word_1_144' title='bbox 1054 1566 1255 1602; x_wconf 86' lang='lat' dir='ltr'><strong>PAVLINI</strong></span> <span class='ocrx_word' id='word_1_145' title='bbox 1279 1566 1342 1600; x_wconf 87' lang='lat' dir='ltr'>ET</span> 
     </span>
     <span class='ocr_line' id='line_1_24' title="bbox 369 1614 1119 1650; baseline 0.001 -1"><span class='ocrx_word' id='word_1_146' title='bbox 369 1614 689 1649; x_wconf 76' lang='lat' dir='ltr'><strong>MEGENTIRAE</strong></span> <span class='ocrx_word' id='word_1_147' title='bbox 719 1614 921 1649; x_wconf 75' lang='lat' dir='ltr'>SORORIS</span> <span class='ocrx_word' id='word_1_148' title='bbox 948 1614 1119 1650; x_wconf 86' lang='lat' dir='ltr'><strong>FILIAE.</strong></span> 
     </span>
    </p>
   </div>
   <div class='ocr_carea' id='block_1_6' title="bbox 74 1698 1270 1812">
    <p class='ocr_par' dir='ltr' id='par_1_6' title="bbox 74 1698 1270 1812">
     <span class='ocr_line' id='line_1_25' title="bbox 74 1698 1270 1754; baseline -0.001 -14"><span class='ocrx_word' id='word_1_149' title='bbox 74 1698 154 1748; x_wconf 83' lang='lat' dir='ltr'>Qui</span> <span class='ocrx_word' id='word_1_150' title='bbox 185 1714 343 1740; x_wconf 88' lang='lat' dir='ltr'>nomen</span> <span class='ocrx_word' id='word_1_151' title='bbox 374 1699 624 1754; x_wconf 85' lang='lat' dir='ltr'>uultumque</span> <span class='ocrx_word' id='word_1_152' title='bbox 657 1700 812 1753; x_wconf 86' lang='lat' dir='ltr'>patris,</span> <span class='ocrx_word' id='word_1_153' title='bbox 844 1698 1040 1751; x_wconf 83' lang='lat' dir='ltr'>Pauline,</span> <span class='ocrx_word' id='word_1_154' title='bbox 1073 1699 1270 1753; x_wconf 79' lang='lat' dir='ltr'>gerebas,</span> 
     </span>
     <span class='ocr_line' id='line_1_26' title="bbox 131 1758 1027 1812; baseline 0 -14"><span class='ocrx_word' id='word_1_155' title='bbox 131 1758 294 1799; x_wconf 85' lang='lat' dir='ltr'>Amissi</span> <span class='ocrx_word' id='word_1_156' title='bbox 325 1758 540 1811; x_wconf 84' lang='lat' dir='ltr'>specimen</span> <span class='ocrx_word' id='word_1_157' title='bbox 573 1758 644 1811; x_wconf 89' lang='lat' dir='ltr'>qui</span> <span class='ocrx_word' id='word_1_158' title='bbox 677 1758 881 1812; x_wconf 82' lang='lat' dir='ltr'>genitoris</span> <span class='ocrx_word' id='word_1_159' title='bbox 916 1772 1027 1799; x_wconf 81' lang='lat' dir='ltr'>eras:</span> 
     </span>
    </p>
   </div>
   <div class='ocr_carea' id='block_1_7' title="bbox 73 1841 354 1846">
    <p class='ocr_par' dir='ltr' id='par_1_7' title="bbox 73 1841 354 1846">
     <span class='ocr_line' id='line_1_27' title="bbox 73 1841 354 1846; baseline 0 0"><span class='ocrx_word' id='word_1_160' title='bbox 73 1841 354 1846; x_wconf 95' lang='lat' dir='ltr'> </span> 
     </span>
    </p>
   </div>
   <div class='ocr_carea' id='block_1_8' title="bbox 168 1884 1378 1931">
    <p class='ocr_par' dir='ltr' id='par_1_8' title="bbox 168 1884 1378 1931">
     <span class='ocr_line' id='line_1_28' title="bbox 168 1884 1378 1931; baseline -0.002 -11"><span class='ocrx_word' id='word_1_161' title='bbox 168 1890 186 1920; x_wconf 83' lang='lat'>7</span> <span class='ocrx_word' id='word_1_162' title='bbox 215 1885 424 1920; x_wconf 74' lang='lat' dir='ltr'>sanctonioa</span> <span class='ocrx_word' id='word_1_163' title='bbox 455 1885 491 1920; x_wconf 93' lang='lat' dir='ltr'><strong><em>V</em></strong></span> <span class='ocrx_word' id='word_1_164' title='bbox 515 1886 520 1931; x_wconf 76' lang='lat'><em>1</em></span> <span class='ocrx_word' id='word_1_165' title='bbox 548 1885 686 1920; x_wconf 68' lang='lat' dir='ltr'>iacetes</span> <span class='ocrx_word' id='word_1_166' title='bbox 714 1886 743 1929; x_wconf 53' lang='lat'>(⁸</span> <span class='ocrx_word' id='word_1_167' title='bbox 774 1896 817 1920; x_wconf 64' lang='grc' dir='ltr'>επ</span> <span class='ocrx_word' id='word_1_168' title='bbox 846 1887 878 1929; x_wconf 59' lang='lat'>⁴)</span> <span class='ocrx_word' id='word_1_169' title='bbox 911 1885 946 1919; x_wconf 94' lang='lat' dir='ltr'><strong><em>V</em></strong></span> <span class='ocrx_word' id='word_1_170' title='bbox 1040 1888 1060 1919; x_wconf 87' lang='lat'>8</span> <span class='ocrx_word' id='word_1_171' title='bbox 1088 1884 1309 1928; x_wconf 85' lang='lat' dir='ltr'>exsequialis</span> <span class='ocrx_word' id='word_1_172' title='bbox 1343 1884 1378 1919; x_wconf 94' lang='lat' dir='ltr'><strong><em>V</em></strong></span> 
     </span>
    </p>
   </div>
   <div class='ocr_carea' id='block_1_9' title="bbox 74 1942 1426 2130">
    <p class='ocr_par' dir='ltr' id='par_1_9' title="bbox 166 1942 1426 1988">
     <span class='ocr_line' id='line_1_29' title="bbox 166 1942 1426 1988; baseline -0.001 -10"><span class='ocrx_word' id='word_1_173' title='bbox 166 1944 271 1978; x_wconf 83' lang='lat' dir='ltr'><strong>XXII</strong></span> <span class='ocrx_word' id='word_1_174' title='bbox 295 1946 404 1979; x_wconf 75' lang='lat' dir='ltr'>inser.</span> <span class='ocrx_word' id='word_1_175' title='bbox 432 1944 499 1978; x_wconf 68' lang='lat' dir='ltr'>litt.</span> <span class='ocrx_word' id='word_1_176' title='bbox 526 1945 679 1978; x_wconf 68' lang='lat' dir='ltr'>minutis</span> <span class='ocrx_word' id='word_1_177' title='bbox 711 1943 768 1987; x_wconf 72' lang='lat' dir='ltr'>V}</span> <span class='ocrx_word' id='word_1_178' title='bbox 792 1944 980 1988; x_wconf 84' lang='lat' dir='ltr'>consocer]</span> <span class='ocrx_word' id='word_1_179' title='bbox 1007 1945 1059 1978; x_wconf 74' lang='lat' dir='ltr'>sic</span> <span class='ocrx_word' id='word_1_180' title='bbox 1091 1944 1126 1978; x_wconf 94' lang='lat' dir='ltr'><strong><em>V</em></strong></span> <span class='ocrx_word' id='word_1_181' title='bbox 1221 1948 1238 1976; x_wconf 85' lang='lat'>1</span> <span class='ocrx_word' id='word_1_182' title='bbox 1267 1954 1288 1977; x_wconf 90' lang='lat' dir='ltr'>o</span> <span class='ocrx_word' id='word_1_183' title='bbox 1314 1953 1358 1976; x_wconf 79' lang='lat' dir='ltr'>ss.</span> <span class='ocrx_word' id='word_1_184' title='bbox 1391 1942 1426 1977; x_wconf 95' lang='lat' dir='ltr'><strong><em>V</em></strong></span> 
     </span>
    </p>

    <p class='ocr_par' dir='ltr' id='par_1_10' title="bbox 74 1989 1422 2130">
     <span class='ocr_line' id='line_1_30' title="bbox 121 1989 1420 2035; baseline -0.002 -10"><span class='ocrx_word' id='word_1_185' title='bbox 121 1995 140 2025; x_wconf 78' lang='lat'><strong>2</strong></span> <span class='ocrx_word' id='word_1_186' title='bbox 167 1991 277 2027; x_wconf 87' lang='lat' dir='ltr'>abere</span> <span class='ocrx_word' id='word_1_187' title='bbox 311 1992 345 2026; x_wconf 94' lang='lat' dir='ltr'><strong><em>V</em></strong></span> <span class='ocrx_word' id='word_1_188' title='bbox 437 1995 459 2025; x_wconf 84' lang='lat'>4</span> <span class='ocrx_word' id='word_1_189' title='bbox 492 1991 656 2025; x_wconf 83' lang='lat' dir='ltr'>aristidis</span> <span class='ocrx_word' id='word_1_190' title='bbox 690 1991 724 2025; x_wconf 94' lang='lat' dir='ltr'><strong><em>V</em></strong></span> <span class='ocrx_word' id='word_1_191' title='bbox 753 2002 843 2025; x_wconf 71' lang='lat' dir='ltr'>corr.</span> <span class='ocrx_word' id='word_1_192' title='bbox 870 1991 1044 2035; x_wconf 71' lang='lat' dir='ltr'>Luydun.</span> <span class='ocrx_word' id='word_1_193' title='bbox 1145 1995 1163 2025; x_wconf 81' lang='lat'><strong>7</strong></span> <span class='ocrx_word' id='word_1_194' title='bbox 1196 1990 1322 2035; x_wconf 81' lang='lat' dir='ltr'>grabis</span> <span class='ocrx_word' id='word_1_195' title='bbox 1355 1989 1420 2035; x_wconf 81' lang='lat' dir='ltr'>Vl</span> 
     </span>
     <span class='ocr_line' id='line_1_31' title="bbox 75 2037 1422 2083; baseline -0.001 -10"><span class='ocrx_word' id='word_1_196' title='bbox 75 2050 198 2074; x_wconf 82' lang='lat' dir='ltr'>comes</span> <span class='ocrx_word' id='word_1_197' title='bbox 224 2040 254 2083; x_wconf 83' lang='lat' dir='ltr'>(s</span> <span class='ocrx_word' id='word_1_198' title='bbox 274 2040 321 2074; x_wconf 82' lang='lat' dir='ltr'>al.</span> <span class='ocrx_word' id='word_1_199' title='bbox 341 2050 385 2073; x_wconf 76' lang='lat' dir='ltr'>ex</span> <span class='ocrx_word' id='word_1_200' title='bbox 404 2051 421 2072; x_wconf 89' lang='grc'><strong>1·</strong></span> <span class='ocrx_word' id='word_1_201' title='bbox 437 2041 466 2082; x_wconf 61' lang='grc'>’1)</span> <span class='ocrx_word' id='word_1_202' title='bbox 494 2038 528 2073; x_wconf 96' lang='lat' dir='ltr'><strong><em>V</em></strong></span> <span class='ocrx_word' id='word_1_203' title='bbox 550 2049 639 2073; x_wconf 80' lang='lat' dir='ltr'>corr.</span> <span class='ocrx_word' id='word_1_204' title='bbox 658 2038 830 2082; x_wconf 72' lang='lat' dir='ltr'>Luyclun.</span> <span class='ocrx_word' id='word_1_205' title='bbox 905 2042 925 2072; x_wconf 86' lang='lat'>9</span> <span class='ocrx_word' id='word_1_206' title='bbox 953 2043 1126 2083; x_wconf 68' lang='lat' dir='ltr'>sangvine</span> <span class='ocrx_word' id='word_1_207' title='bbox 1155 2039 1192 2082; x_wconf 85' lang='lat' dir='ltr'>(g</span> <span class='ocrx_word' id='word_1_208' title='bbox 1213 2039 1280 2071; x_wconf 68' lang='lat' dir='ltr'>litt.</span> <span class='ocrx_word' id='word_1_209' title='bbox 1302 2037 1422 2071; x_wconf 76' lang='lat' dir='ltr'>cauda</span> 
     </span>
     <span class='ocr_line' id='line_1_32' title="bbox 74 2084 1419 2130; baseline -0.002 -10"><span class='ocrx_word' id='word_1_210' title='bbox 74 2087 116 2120; x_wconf 73' lang='lat' dir='ltr'>in</span> <span class='ocrx_word' id='word_1_211' title='bbox 140 2097 211 2121; x_wconf 80' lang='lat' dir='ltr'>ras.</span> <span class='ocrx_word' id='word_1_212' title='bbox 239 2087 302 2128; x_wconf 83' lang='lat' dir='ltr'>al.)</span> <span class='ocrx_word' id='word_1_213' title='bbox 336 2086 392 2130; x_wconf 75' lang='lat' dir='ltr'>Vl</span> <span class='ocrx_word' id='word_1_214' title='bbox 428 2085 539 2130; x_wconf 85' lang='lat' dir='ltr'>iungo</span> <span class='ocrx_word' id='word_1_215' title='bbox 575 2085 621 2120; x_wconf 79' lang='lat' dir='ltr'>Vl</span> <span class='ocrx_word' id='word_1_216' title='bbox 709 2089 751 2119; x_wconf 89' lang='lat'>10</span> <span class='ocrx_word' id='word_1_217' title='bbox 779 2084 917 2120; x_wconf 85' lang='lat' dir='ltr'>obtatis</span> <span class='ocrx_word' id='word_1_218' title='bbox 950 2086 985 2120; x_wconf 95' lang='lat' dir='ltr'><strong><em>V</em></strong></span> <span class='ocrx_word' id='word_1_219' title='bbox 1006 2096 1096 2120; x_wconf 78' lang='lat' dir='ltr'>corr.</span> <span class='ocrx_word' id='word_1_220' title='bbox 1121 2085 1294 2129; x_wconf 69' lang='lat' dir='ltr'>Luydun.</span> <span class='ocrx_word' id='word_1_221' title='bbox 1378 2087 1419 2117; x_wconf 91' lang='lat'>11</span> 
     </span>
    </p>
   </div>
   <div class='ocr_carea' id='block_1_10' title="bbox 76 2142 1418 2237">
    <p class='ocr_par' dir='ltr' id='par_1_11' title="bbox 76 2142 1418 2237">
     <span class='ocr_line' id='line_1_33' title="bbox 77 2142 1418 2189; baseline -0.001 -11"><span class='ocrx_word' id='word_1_222' title='bbox 77 2143 204 2189; x_wconf 68' lang='lat' dir='ltr'>aliqua</span> <span class='ocrx_word' id='word_1_223' title='bbox 228 2145 267 2179; x_wconf 89' lang='lat' dir='ltr'>in</span> <span class='ocrx_word' id='word_1_224' title='bbox 294 2145 328 2180; x_wconf 92' lang='lat' dir='ltr'><strong><em>V</em></strong></span> <span class='ocrx_word' id='word_1_225' title='bbox 350 2156 439 2179; x_wconf 80' lang='lat' dir='ltr'>corr.</span> <span class='ocrx_word' id='word_1_226' title='bbox 461 2144 635 2188; x_wconf 73' lang='lat' dir='ltr'>Luydmz.</span> <span class='ocrx_word' id='word_1_227' title='bbox 712 2147 753 2178; x_wconf 86' lang='lat'>13</span> <span class='ocrx_word' id='word_1_228' title='bbox 780 2143 927 2178; x_wconf 72' lang='lat' dir='ltr'>fui-tune</span> <span class='ocrx_word' id='word_1_229' title='bbox 955 2144 990 2178; x_wconf 91' lang='lat' dir='ltr'><strong><em>V</em></strong></span> <span class='ocrx_word' id='word_1_230' title='bbox 1061 2147 1103 2178; x_wconf 83' lang='lat'>15</span> <span class='ocrx_word' id='word_1_231' title='bbox 1130 2143 1218 2188; x_wconf 85' lang='lat' dir='ltr'>quid</span> <span class='ocrx_word' id='word_1_232' title='bbox 1244 2142 1418 2187; x_wconf 60' lang='lat' dir='ltr'><em>Lugdun.</em></span> 
     </span>
     <span class='ocr_line' id='line_1_34' title="bbox 76 2188 1379 2237; baseline -0.002 -11"><span class='ocrx_word' id='word_1_233' title='bbox 76 2203 149 2235; x_wconf 87' lang='lat' dir='ltr'>qua</span> <span class='ocrx_word' id='word_1_234' title='bbox 180 2192 214 2226; x_wconf 93' lang='lat' dir='ltr'><strong><em>V</em></strong></span> <span class='ocrx_word' id='word_1_235' title='bbox 233 2194 237 2237; x_wconf 89' lang='grc' dir='ltr'>Ι</span> <span class='ocrx_word' id='word_1_236' title='bbox 259 2192 362 2227; x_wconf 87' lang='lat' dir='ltr'>fobet</span> <span class='ocrx_word' id='word_1_237' title='bbox 395 2192 428 2226; x_wconf 94' lang='lat' dir='ltr'><strong><em>V</em></strong></span> <span class='ocrx_word' id='word_1_238' title='bbox 501 2195 542 2225; x_wconf 84' lang='lat'>16</span> <span class='ocrx_word' id='word_1_239' title='bbox 570 2191 720 2225; x_wconf 79' lang='lat' dir='ltr'>obtaras</span> <span class='ocrx_word' id='word_1_240' title='bbox 753 2191 810 2235; x_wconf 72' lang='lat' dir='ltr'>Vl</span> <span class='ocrx_word' id='word_1_241' title='bbox 832 2192 994 2236; x_wconf 73' lang='lat' dir='ltr'>sequitur</span> <span class='ocrx_word' id='word_1_242' title='bbox 1020 2201 1146 2226; x_wconf 75' lang='lat' dir='ltr'>uersus</span> <span class='ocrx_word' id='word_1_243' title='bbox 1171 2201 1312 2225; x_wconf 76' lang='lat' dir='ltr'>uacuus</span> <span class='ocrx_word' id='word_1_244' title='bbox 1344 2188 1379 2223; x_wconf 94' lang='lat' dir='ltr'><strong><em>V</em></strong></span> 
     </span>
    </p>
   </div>
   <div class='ocr_carea' id='block_1_11' title="bbox 77 2248 1423 2342">
    <p class='ocr_par' dir='ltr' id='par_1_12' title="bbox 77 2248 1423 2342">
     <span class='ocr_line' id='line_1_35' title="bbox 168 2248 1423 2293; baseline -0.001 -10"><span class='ocrx_word' id='word_1_245' title='bbox 168 2249 288 2284; x_wconf 88' lang='lat' dir='ltr'><strong>XXIII</strong></span> <span class='ocrx_word' id='word_1_246' title='bbox 313 2251 422 2284; x_wconf 74' lang='lat' dir='ltr'>inser.</span> <span class='ocrx_word' id='word_1_247' title='bbox 450 2251 517 2285; x_wconf 74' lang='lat' dir='ltr'>litt.</span> <span class='ocrx_word' id='word_1_248' title='bbox 545 2250 695 2284; x_wconf 75' lang='lat' dir='ltr'>minutis</span> <span class='ocrx_word' id='word_1_249' title='bbox 728 2250 786 2293; x_wconf 86' lang='lat' dir='ltr'>Vl</span> <span class='ocrx_word' id='word_1_250' title='bbox 814 2249 960 2284; x_wconf 85' lang='lat' dir='ltr'>diadria</span> <span class='ocrx_word' id='word_1_251' title='bbox 985 2250 1038 2283; x_wconf 85' lang='lat' dir='ltr'>fili</span> <span class='ocrx_word' id='word_1_252' title='bbox 1072 2249 1106 2284; x_wconf 95' lang='lat' dir='ltr'><strong><em>V</em></strong></span> <span class='ocrx_word' id='word_1_253' title='bbox 1131 2250 1136 2293; x_wconf 76' lang='lat' dir='ltr'>l</span> <span class='ocrx_word' id='word_1_254' title='bbox 1165 2248 1242 2283; x_wconf 89' lang='lat' dir='ltr'>fiIia</span> <span class='ocrx_word' id='word_1_255' title='bbox 1274 2248 1308 2283; x_wconf 95' lang='lat' dir='ltr'><strong><em>V</em></strong></span> <span class='ocrx_word' id='word_1_256' title='bbox 1330 2258 1423 2283; x_wconf 86' lang='lat' dir='ltr'>corr.</span> 
     </span>
     <span class='ocr_line' id='line_1_36' title="bbox 77 2296 905 2342; baseline 0.001 -11"><span class='ocrx_word' id='word_1_257' title='bbox 77 2296 240 2342; x_wconf 73' lang='lat' dir='ltr'>Scaliyer</span> <span class='ocrx_word' id='word_1_258' title='bbox 268 2300 272 2341; x_wconf 84' lang='grc' dir='ltr'>Ι</span> <span class='ocrx_word' id='word_1_259' title='bbox 304 2301 384 2341; x_wconf 73' lang='lat' dir='ltr'>post</span> <span class='ocrx_word' id='word_1_260' title='bbox 410 2298 518 2332; x_wconf 74' lang='lat' dir='ltr'>inser.</span> <span class='ocrx_word' id='word_1_261' title='bbox 546 2307 673 2331; x_wconf 79' lang='lat' dir='ltr'>uersus</span> <span class='ocrx_word' id='word_1_262' title='bbox 698 2308 838 2332; x_wconf 76' lang='lat' dir='ltr'>uacuus</span> <span class='ocrx_word' id='word_1_263' title='bbox 870 2297 905 2332; x_wconf 96' lang='lat' dir='ltr'><strong><em>V</em></strong></span> 
     </span>
    </p>
   </div>
  </div>
 </body>
</html>
