1563 2511
582 42 903 84 ——291—

70 147 293 190 Castaneis
327 147 513 202 corulos,
545 161 702 201 aequas
733 147 917 188 uiburna
949 149 1177 202 cupressis,

68 206 138 248 Me
171 220 364 261 conpone
395 205 494 248 tibi:
527 206 600 247 uix
632 205 798 247 Tullius
831 208 874 247 et
904 205 1026 248 Maro
1058 210 1200 249 tecum

70 264 321 307 Sustineant
353 264 528 319 aequale
558 264 720 319 iugum.
771 264 807 305 si
838 264 994 319 iungar
1027 279 1188 320 amore,

67 323 162 366 Hoc
193 325 363 365 tantum
393 323 476 364 tibi
507 337 575 364 me
607 323 766 364 iactare
800 323 961 365 audebo
992 323 1196 377 iugalem,
1369 335 1414 367 40

69 381 162 431 Quo
194 382 384 424 modicus
417 381 544 424 sociis
577 395 733 437 magno
767 381 991 423 contendit
1020 381 1212 424 habenis.

67 441 217 483 Dulcis
250 440 440 482 amicitia
471 443 647 482 aeterno
680 440 787 481 mihi
818 440 989 482 foedere
1021 443 1164 482 tecum

66 499 127 542 Et
155 499 331 555 paribus
364 513 531 554 semper
563 499 813 541 redamandi
844 499 1012 554 legibus
1047 513 1193 553 aequa.

66 558 161 601 Hoc
191 561 341 601 nostra
373 559 535 600 ceruice
566 558 715 613 iugum
745 573 831 600 non
864 572 1019 600 scaeua
1049 558 1231 599 resoluit

66 617 249 672 Fabula,
281 631 370 659 non
400 617 527 659 terris
561 616 758 659 absentia
787 617 919 672 longa
951 616 1139 670 diremit,
1370 626 1415 659 45

66 675 157 718 Nec
189 676 387 731 perimet,
419 678 513 718 toto
545 676 647 718 licet
678 676 907 718 abstrahar
938 675 1040 717 orbe
1072 675 1142 717 uel
1174 689 1291 717 aeuo.

65 734 313 790 Numquam
347 734 489 776 animo
523 734 686 776 diuisus
720 749 863 790 agam:
895 735 1012 789 prius
1045 735 1141 789 ipsa
1171 733 1340 775 recedet

69 792 260 848 Corpore
293 793 383 835 uita
413 808 528 847 meo,
561 808 689 848 quam
721 797 864 835 uester
895 796 1066 847 pectore
1098 793 1255 835 uultus.

66 899 164 955 Ego
195 903 240 941 te
270 914 347 954 per
379 914 504 942 omne
537 899 650 954 quod
683 899 832 940 datum
864 899 1120 941 mortalibus

126 957 185 1000 Et
217 958 478 999 destinatum
511 958 727 1000 saeculum
760 960 842 1012 est,
1372 967 1416 999 50

69 1016 304 1059 Claudente
337 1017 469 1059 donec
502 1017 755 1058 continebor
787 1030 982 1071 corpore,

126 1075 358 1118 Discernar
389 1076 492 1118 orbe
524 1075 778 1131 quamlibet,

66 1133 157 1177 Nec
191 1135 292 1177 orbe
324 1135 453 1190 longe
483 1149 561 1176 nec
592 1136 804 1176 remotum
835 1133 994 1175 lumine

128 1193 298 1235 Tenebo
330 1193 450 1235 fibris
481 1193 677 1245 insitum,

67 1251 235 1294 Videbo
269 1252 411 1308 corde,
442 1254 584 1294 mente
617 1252 863 1306 conplectar
894 1250 966 1305 pia
1372 1261 1415 1292 55

127 1311 294 1365 Vbique
325 1313 595 1365 praesentem
628 1310 745 1352 mihi.

163 1431 205 1462 37
233 1427 377 1462 corulos
410 1426 445 1461 V
474 1426 619 1471 corylos
645 1426 758 1461 PHS
789 1427 794 1470 Ι
828 1425 986 1460 uiuurna
1020 1425 1068 1459 V1
1093 1425 1131 1460 ui
1157 1435 1274 1459 uurna
1299 1426 1339 1459 H
1362 1424 1417 1459 ui-

66 1475 182 1510 berna
208 1474 236 1509 S
264 1476 267 1516 Ι
303 1473 486 1518 cypressis
512 1473 541 1508 S
573 1472 794 1519 compressis
821 1474 862 1507 H
887 1474 892 1517 Ι
925 1483 1039 1518 mary.
1068 1473 1114 1507 al.
1142 1471 1312 1507 abellane
1336 1473 1341 1516 Ι
1364 1470 1416 1505 ui-

66 1522 186 1556 burna
218 1520 376 1556 humilia
400 1520 566 1565 uirgulta
591 1531 726 1563 genere
751 1522 790 1555 et
813 1519 936 1554 forma
959 1531 983 1555 a
1008 1530 1183 1564 cypresso
1208 1520 1353 1554 remota
1386 1518 1421 1553 V

115 1581 151 1605 u.
179 1572 223 1604 38
244 1572 329 1613 post
353 1579 388 1603 u.
417 1571 461 1603 39
481 1567 518 1603 P
537 1570 542 1612 Ι
564 1567 640 1614 Me]
667 1570 760 1602 Ame
781 1567 839 1613 ,ΡΙ
862 1566 1048 1612 conpone]
1077 1566 1166 1612 VS}
1189 1568 1335 1602 teccum
1360 1566 1418 1601 uel

66 1617 209 1652 tectum
235 1615 264 1650 S
358 1619 404 1650 39
431 1614 663 1650 substineant
687 1615 725 1650 P
746 1614 930 1649 sustineat
955 1613 1027 1649 HS
1047 1615 1051 1660 Ι
1080 1613 1214 1659 iungor
1246 1612 1325 1648 VH

66 1667 113 1698 40
138 1662 322 1699 audebam
340 1662 378 1697 P
401 1663 475 1706 (sed
497 1663 573 1697 uid.
594 1662 713 1706 infra)
787 1666 831 1696 41
858 1660 1046 1696 modicum
1068 1661 1165 1703 libri,
1191 1671 1281 1695 corr.
1301 1660 1416 1695 Hein-

66 1711 144 1746 sius
171 1712 177 1752 Ι
212 1709 331 1745 socius
351 1709 380 1744 S
406 1710 411 1755 Ι
445 1708 577 1745 abheis
597 1709 634 1744 P
655 1709 782 1744 abenis
804 1709 832 1743 S
903 1712 947 1742 42
974 1707 1062 1743 mici
1092 1707 1126 1743 V
1153 1710 1158 1752 Ι
1191 1707 1317 1754 federe
1350 1707 1385 1741 V
1410 1707 1414 1753 Ι

66 1757 190 1804 foedes
212 1758 305 1803 retes
331 1768 414 1791 cum
440 1756 469 1792 S
552 1760 637 1802 post
668 1768 703 1791 u.
729 1759 774 1791 42
800 1756 977 1801 repetitur
1011 1766 1047 1790 u.
1074 1757 1121 1790 40
1147 1755 1321 1799 (audebo)

67 1808 112 1840 43
146 1803 353 1840 etamandis
380 1803 417 1839 P
449 1803 693 1839 redamnandi
730 1804 786 1847 (in
810 1814 924 1848 πιανέ).
951 1803 1170 1838 redamnare
1203 1803 1260 1836 est
1290 1812 1417 1836 aman·

67 1854 146 1887 tem
172 1851 333 1887 inuicem
359 1852 498 1896 amare>
525 1852 566 1885 H
652 1855 698 1886 44
724 1851 867 1886 cerbice
895 1850 942 1884 V1
965 1851 969 1894 Ι
1003 1860 1078 1885 11011
1103 1859 1169 1884 om.
1196 1848 1225 1883 S
1245 1850 1250 1891 Ι
1285 1848 1419 1884 scaeba

72 1899 119 1934 V¹
151 1909 264 1945 marga.
291 1899 338 1934 al.
367 1910 401 1934 .1.
429 1898 578 1934 sinistra
609 1898 659 1933 ul'
693 1897 879 1934 contraria
911 1897 945 1932 V
982 1899 987 1940 Ι
1025 1897 1189 1932 resolbet
1219 1895 1266 1931 V¹
1303 1895 1418 1931 resol-

67 1948 133 1982 uet
157 1948 198 1981 H
279 1950 323 1981 45
350 1945 540 1981 subsentia
565 1945 602 1980 P
637 1947 642 1990 Ι
687 1945 816 1991 longa]
851 1943 951 1979 sistra
984 1944 1018 1978 V
1051 1944 1121 1978 ni‘a
1146 1945 1185 1978 H
1222 1944 1227 1987 Ι
1275 1941 1420 1978 dirimit

68 1993 142 2029 HS
236 1997 281 2028 46
308 1992 458 2028 dirimet
483 1993 661 2028 Heinsius
683 1994 687 2037 Ι
711 1993 881 2028 abstraar
911 1991 967 2034 V}
990 1991 1079 2026 urbe
1106 1991 1143 2026 P
1229 1994 1274 2025 47
1300 1990 1416 2025 Num-

69 2041 196 2087 quam]
224 2040 309 2076 Non
335 2041 372 2075 P
392 2042 398 2085 Ι
418 2040 538 2086 ipsam
564 2040 624 2083 ΡΙ
655 2039 798 2075 recedit
821 2039 851 2075 S
939 2041 985 2073 48
1010 2038 1152 2084 uester]
1178 2037 1327 2073 uidetur
1353 2037 1413 2081 (al.

67 2099 111 2124 ss.
138 2089 195 2133 ᾖ)
222 2088 258 2123 P
348 2091 489 2123 49-68
515 2098 581 2123 om.
614 2087 690 2122 VH
784 2090 829 2122 49
842 2097 914 2131 sqq.
942 2087 1122 2121 breuiores
1147 2085 1321 2120 uersiculi
1344 2084 1488 2120 mi-Ps

69 2136 222 2171 ‘neribus
248 2135 378 2171 litteris
402 2136 588 2179 incipiunt
614 2135 642 2170 S
737 2138 782 2170 49
809 2135 912 2178 picta
937 2134 1018 2168 init.
1046 2133 1113 2168 litt.
1141 2132 1177 2167 P
1270 2135 1314 2166 50
1342 2141 1417 2166 sae-

71 2182 211 2228 culum]
238 2182 267 2218 S
360 2185 404 2216 52
432 2182 534 2228 orbe]
561 2182 607 2217 ab
634 2182 722 2217 orbe
749 2181 778 2217 S
798 2184 802 2224 Ι
827 2180 995 2225 qualibet
1019 2179 1056 2214 P
1079 2179 1247 2224 quolibet
1273 2178 1300 2213 S
1326 2188 1417 2213 corr.

71 2229 250 2265 Heinsius
346 2233 391 2264 53
426 2230 537 2275 longo
563 2229 600 2263 P
632 2240 700 2264 nec
733 2239 794 2264 ore
826 2229 937 2271 longe
969 2227 1027 2262 uel
1057 2237 1125 2261 nec
1158 2226 1245 2261 orbe
1277 2225 1300 2260 1.
1327 2237 1361 2259 n.
1389 2237 1418 2261 r.

70 2277 199 2312 limine
226 2277 426 2313 Sacchinus
522 2280 567 2311 54
593 2276 705 2311 febris
734 2276 771 2311 P
866 2279 909 2310 56
935 2277 966 2309 et
993 2277 1036 2309 57
1064 2284 1130 2309 om.
1153 2273 1190 2307 P

1136 2331 1207 2366 19*
