1563 2511
574 40 894 82 -351—

5 171 6 174 =
58 147 230 200 Pectus⁷
263 159 403 198 crura,
435 145 567 197 latus,
598 147 810 198 uentrem,
841 145 1018 198 femora,
1049 146 1238 199 inguina,
1271 161 1403 201 suras7

59 205 264 259 Tei-gum,
297 204 426 256 colla,
457 217 646 256 umeros,
677 203 817 244 luteae
850 201 1150 259 Symplegadis
1184 207 1373 260 antrum,

58 262 164 304 Tam
198 262 367 303 diuersa
398 262 503 302 locis
537 274 649 315 uaga
681 260 928 302 carnificina
958 267 1169 317 pererrat,
1359 276 1400 305 10

3 318 5 330 ¹
56 320 204 362 Donec
240 322 503 361 marcentem
536 318 663 360 calidi
695 319 862 361 feruore
894 320 1055 362 lauacri

3 379 4 410 ἓ
56 379 248 421 Blandus
281 378 402 419 letali
436 378 577 419 soluat
608 377 829 419 dulcedine
862 378 1047 420 1110110110.

0 443 3 471 l
57 437 262 479 Desectos
295 437 355 478 sic
387 436 503 477 fama
534 436 669 490 uiros,
701 436 774 477 ubi
807 451 929 477 cassa
962 436 1094 478 libido

0 524 3 549 f
57 495 281 537 Femineos
315 497 459 537 coetus
492 496 534 536 et
565 509 649 536 non
684 509 761 536 sua
792 495 906 535 bella
937 494 1129 546 lacessit,

0 561 1 607 ]
56 554 186 595 Irrita
217 555 371 595 uexato
405 567 654 595 consumere
687 553 844 608 gaudia
876 554 1005 606 lecto⁷
1360 566 1400 596 15

56 613 250 654 Titillata
282 612 402 654 breui
434 626 529 653 cum
560 612 647 652 iam
681 612 758 653 sub
791 612 874 652 fine
908 612 1109 666 uoluptas

56 671 212 713 Feruet
244 673 286 712 et
316 671 484 725 ingesto
516 670 687 725 peragit
718 670 903 712 ludibria
936 685 1099 712 morsu:

55 729 245 783 Torpida
276 743 361 770 non
394 729 520 770 aliter
550 729 784 783 Polygiton
817 729 1008 770 membra
1038 729 1229 771 resoluit.

54 788 132 842 Et,
163 788 263 842 quia
293 788 503 829 debentur
536 802 735 842 suprema
765 788 934 842 piacula
965 788 1100 841 uitae,

57 846 122 887 Ad
155 846 521 901 Phlegethonteas
555 860 647 887 sese
679 846 765 887 iam
796 849 1024 901 praeparet
1055 846 1200 888 undas.
1358 857 1400 888 20

0 962 192 988 :VII—exn
214 963 456 994 [cwm—cxnn]

188 1008 250 1042 DE
280 1007 486 1050 QVODAM
514 1007 670 1043 SILVIO
699 1007 828 1042 BONO
857 1007 939 1049 QVI
966 1007 1095 1042 ERAT
1121 1007 1273 1043 BRITO.

56 1079 214 1122 Siluius
247 1080 322 1121 ille
353 1080 517 1134 Bonus,
551 1081 624 1134 qui
657 1080 847 1122 carmina
878 1082 1028 1121 nostra
1059 1080 1247 1134 lacessit,

114 1139 277 1181 Nostra
308 1139 448 1194 magis
481 1139 637 1181 meruit
669 1139 869 1193 disticha,
902 1138 1023 1180 Brito
1056 1139 1205 1180 bonus.

0 1220 86 1245 WHI
107 1221 169 1252 [CX]

56 1278 213 1321 Siluius
246 1279 315 1321 hic
346 1278 493 1321 Bonus
527 1281 603 1320 est.
643 1278 762 1328 ‘Quis
797 1277 999 1320 Siluius?
1032 1278 1119 1319 Iste
1152 1278 1399 1321 Britannus.

116 1337 221 1379 ‘Aut
252 1338 372 1380 Brito
405 1338 474 1379 hic
505 1352 591 1379 non
624 1340 689 1379 est
721 1335 900 1391 Siluius,
934 1339 1008 1379 aut
1039 1338 1177 1379 malus
1211 1336 1302 1379 est.’

0 1418 99 1445 *VHH
123 1418 198 1451 [cm]

55 1477 213 1520 Siluius
247 1492 338 1520 esse
371 1477 520 1519 Bonus
551 1477 687 1519 fertur
718 1477 937 1532 ferturque
969 1477 1221 1520 Britannus:
1379 1489 1398 1520 5

113 1536 215 1585 Quis
249 1536 393 1578 credat
425 1537 561 1577 ciuem
596 1536 874 1590 degenerasse
907 1536 1097 1578 bonum?

146 1655 167 1686 8
192 1652 358 1687 foemora
387 1651 419 1685 T
491 1655 511 1686 9
538 1652 710 1686 humeros
732 1652 790 1695 ΖΙ
812 1651 935 1686 luctae
964 1651 1021 1695 T}
1045 1651 1285 1696 simplegadis
1314 1651 1402 1686 TM

101 1702 142 1733 12
170 1699 284 1733 laetali
310 1698 423 1734 soluit
451 1698 484 1732 T
579 1702 622 1732 14
648 1698 852 1733 foemineos
880 1698 937 1742 ΤΙ
966 1699 1069 1732 cetus
1097 1698 1184 1732 TM
1210 1701 1215 1742 Ι
1244 1698 1400 1734 lacescit

55 1746 87 1780 T
183 1749 226 1780 15
253 1755 507 1780 consummere
536 1745 569 1778 T
666 1748 708 1781 16
733 1744 876 1780 titilata
905 1745 938 1778 T
1034 1749 1075 1780 17
1102 1745 1250 1790 ingestu
1278 1745 1311 1779 Τ
1345 1746 1400 1780 111-

50 1793 155 1837 gesto
183 1792 273 1827 GM
299 1803 390 1828 corr.
417 1792 621 1827 Salmasius
720 1796 761 1826 18
795 1792 946 1837 turpida
975 1792 1063 1826 TM
1094 1803 1182 1828 corr.
1213 1792 1398 1828 Baehrens

49 1840 174 1884 turpia
200 1840 233 1874 G
255 1841 259 1884 Ι
281 1840 477 1884 poligyton
505 1839 537 1873 Τ
566 1838 748 1883 poligiton
772 1840 821 1873 M
841 1841 845 1883 Ι
868 1839 1022 1874 menbra
1043 1840 1092 1873 M
1188 1843 1230 1873 19
1257 1850 1331 1882 qua
1352 1839 1400 1874 M

97 1891 142 1921 20
168 1886 410 1931 flegetonteas
437 1887 543 1931 (thon
570 1886 616 1929 G)
642 1885 676 1919 Z
695 1887 700 1930 Ι
722 1888 897 1930 preparet
926 1886 997 1921 ΤΘ
1035 1887 1237 1931 praeparat
1264 1887 1313 1920 Μ

145 1944 389 1980 CVII—CXII
426 1945 480 1979 De
506 1966 551 1970 -
578 1944 681 1980 Brito
716 1944 849 1989 (Britto
880 1944 926 1989 G)
964 1945 1037 1980 ΤΘ
1073 1956 1139 1980 om.
1166 1945 1217 1979 M
1250 1947 1288 1980 et
1319 1945 1397 1980 eius

51 1993 217 2027 carmina
248 1992 455 2027 lacessebat
486 1993 570 2027 add.
599 1991 632 2026 G
640 2005 652 2034 ;
678 1992 853 2028 continua
880 1993 1049 2037 {equatur
1074 1992 1260 2036 scriptura
1285 1993 1326 2026 in
1354 1992 1397 2034 Z,

51 2040 232 2074 disiunxit
257 2040 419 2084 Scaliger
447 2042 479 2082 1,
506 2042 554 2074 21

146 2097 244 2133 CVII
296 2103 312 2132 1
340 2097 495 2132 lacescit
522 2097 554 2131 T
648 2102 668 2132 2
695 2098 830 2133 distica
857 2097 944 2133 TM
971 2100 975 2142 Ι
1009 2098 1124 2132 britto
1150 2108 1284 2142 semper
1311 2096 1399 2132 ΜΘ

147 2155 261 2191 CVIII
312 2161 329 2190 1
357 2156 428 2191 iste
453 2156 572 2191 bonus
600 2156 633 2191 T
661 2156 726 2191 hic
754 2157 870 2193 bonus
898 2158 954 2192 est
982 2155 1072 2191 GM
1094 2160 1098 2200 l
1121 2157 1328 2191 brittannus
1354 2155 1403 2189 M

147 2213 278 2248 CVIIII
331 2218 348 2248 1
375 2214 492 2249 fertur
517 2225 582 2250 om.
610 2215 643 2250 G
673 2217 792 2260 spatio
824 2216 946 2252 relicto
975 2217 980 2260 ἱ
1010 2215 1215 2259 ferturque]
1242 2214 1395 2258 pariter-

52 2272 122 2305 que
150 2261 220 2305 Ml
242 2260 454 2296 britannus:
481 2274 505 2296 u
529 2272 573 2297 ex
598 2272 618 2296 o
647 2262 680 2296 T
