1563 2511
604 71 924 111 —391—

690 219 821 254 XXIII.

216 285 281 330 “529
312 287 350 324 οἵ
372 288 441 334 μὲν
468 289 691 333 στενάχοντο
718 287 814 324 κατὰ
841 287 988 325 πτόλιν·
1016 287 1139 335 αὐτὰρ
1163 288 1302 336 Ἀχαιοί

176 344 184 351 ·
226 337 335 372 Troia
360 338 472 371 uacat
497 336 678 381 lacrimis,
705 335 803 370 ludis
829 336 973 381 Argiua
998 338 1181 373 iuuentus.

172 420 388 462 Funebres
429 421 519 462 ludi
558 421 601 462 in
632 421 841 462 honorem
873 420 1063 462 Patrocli
1094 421 1431 476 frequentantur.

86 480 238 534 quibus
265 479 496 521 Diomedes
529 480 648 534 equis
682 482 871 534 superat,
901 480 1018 521 lucta
1050 483 1092 521 et
1118 495 1245 522 cursu
1270 480 1433 535 Vlixes,

85 540 255 593 alioque
289 539 365 580 alii
397 552 550 593 genere
585 539 835 580 certationis
869 541 1101 580 antestant.
1461 552 1480 581 5

684 677 834 714 XXIIII.

249 749 349 783 Λῦτο
377 745 418 782 δ’
447 745 568 792 ἁγὼν,
595 750 678 784 λαοὶ
705 747 746 783 δὲ
773 746 873 788 θοάς
900 745 960 783 ἐπὶ
985 749 1078 793 νῆας
1106 747 1256 784 ἕκαστοι

252 795 414 839 Quisque
442 807 525 830 suas
550 798 725 840 repetunt
750 796 863 830 misso
891 796 1092 831 certamine
1117 807 1243 831 naues,

173 880 364 934 Iuppiter
397 879 624 921 Thetidem
661 880 799 921 mittit
839 880 892 921 ad
924 880 1058 921 filium
1091 895 1186 921 cum
1220 881 1433 922 mandatis

85 939 312 993 eiusmodi,
362 941 409 980 ut
455 940 500 980 in
545 939 791 980 defunctum
837 940 1002 980 saeuire
1047 939 1227 980 desistat
1270 939 1434 995 fatique

83 998 306 1039 hominum
349 997 393 1038 in
437 999 634 1040 exanimo
673 998 798 1039 hoste
837 1001 1035 1039 uereatur
1074 998 1127 1039 ad
1167 999 1434 1052 sepulturam
1461 1009 1480 1040 5

84 1071 262 1111 corpore
304 1057 517 1098 restituto.
580 1057 768 1098 eiusdem
812 1057 932 1098 iussu
980 1060 1022 1098 et
1060 1057 1140 1098 Iris
1181 1058 1434 1099 cohortatur

85 1116 327 1170 Priamum,
371 1118 419 1156 ut
464 1131 565 1157 auro
611 1116 747 1157 filium
790 1116 998 1170 rependat
1044 1116 1298 1158 exanimum.
1362 1117 1434 1171 qui

84 1174 298 1215 Mercurio
339 1174 444 1215 duce
482 1175 595 1216 inter
625 1177 859 1216 nocturnas
891 1175 1083 1216 hostium
1115 1175 1332 1229 profectus
1367 1190 1433 1216 ex—

85 1233 232 1274 cubias
258 1233 419 1274 Achilli
447 1234 627 1288 supplex
653 1233 901 1275 aduoluitur
925 1233 1277 1288 redemptumque
1298 1234 1433 1275 filium

84 1292 250 1333 iustitio
283 1292 456 1346 publico
490 1296 532 1333 et
564 1293 710 1346 deflet,
741 1296 782 1334 et
815 1292 980 1346 sepelit.
1463 1303 1505 1334 10

180 1419 320 1454 XXIIII
346 1423 365 1453 2
392 1418 532 1463 Vergil.
559 1420 590 1453 A
616 1419 650 1453 V
675 1423 742 1454 545
769 1420 932 1454 nondum
961 1420 1161 1454 certamine
1186 1420 1310 1455 misso.

181 1470 201 1500 5
229 1466 335 1500 Ouid.
362 1466 419 1501 Tr.
447 1466 498 1500 III
520 1470 574 1509 11,
597 1471 639 1501 67
666 1467 703 1500 Μ
728 1467 795 1501 XV
821 1470 901 1502 494.
927 1466 1067 1511 Vergil.
1095 1468 1125 1500 A
1152 1467 1220 1501 XII
1247 1471 1302 1501 43.
1346 1467 1433 1502 Ilias

84 1515 202 1548 latina
230 1517 319 1548 1041
348 1513 457 1548 sortis
483 1513 719 1548 reminiscere
746 1514 866 1548 uictor
892 1514 1089 1548 humanae.

181 1565 201 1594 6
230 1561 337 1604 Verg.
359 1560 391 1594 A
411 1561 510 1594 1484
537 1560 821 1604 exanimumque
847 1572 936 1595 auro
957 1571 1089 1605 corpus
1110 1562 1296 1596 uendebat
1310 1562 1434 1596 Achil-

86 1608 150 1643 les.
188 1607 232 1641 cf.
261 1606 368 1641 Ouid.
396 1608 453 1642 Tr.
481 1607 532 1640 III
560 1611 615 1648 11,
641 1611 685 1642 25
707 1620 785 1651 sqq.

180 1659 201 1689 8
229 1654 272 1690 cf.
301 1654 389 1688 Ilias
414 1654 532 1689 latina
559 1658 647 1689 1027
670 1666 747 1699 sqq.

181 1772 300 1806 XXIII
325 1776 342 1806 1
359 1771 599 1817 στενάχοντο]
622 1782 851 1806 orenaxoxro
870 1771 905 1805 P
925 1773 930 1816 l
952 1770 1081 1806 πτόλιν
1096 1769 1231 1818 αὐτὰρ]
1247 1785 1433 1808 nroarfla1-

87 1831 152 1854 rap
178 1820 214 1853 P
283 1823 302 1853 2
330 1820 462 1863 argina
487 1820 524 1853 P
602 1822 623 1852 4
649 1819 723 1853 alio
755 1818 904 1853 Vinetus
929 1819 1022 1853 alios
1050 1820 1086 1853 P
1110 1821 1114 1863 Ῐ
1147 1820 1329 1854 antistant
1355 1821 1391 1854 P

181 1876 319 1911 XXIIII
348 1882 364 1911 1
392 1878 479 1911 λῦτο
506 1875 542 1911 δ’
572 1873 673 1920 ἀγὼν
699 1876 799 1922 λαοὶ]
827 1888 1122 1921 ayToaaTOHaaox
1145 1879 1206 1922 Pl
1236 1876 1297 1914 ἐπὶ
1323 1880 1430 1925 νῆας]

89 1926 269 1971 ΘΠΠΗΗΖζο
285 1925 321 1959 P
384 1928 404 1958 2
431 1925 636 1959 redeuntP
657 1925 831 1968 repetunt
844 1925 1033 1960 Amantius
1058 1926 1239 1970 repedant
1254 1927 1386 1970 Peiper

88 1976 107 2006 3
135 1973 198 2017 ad]
225 1974 268 2006 ut
293 1972 340 2006 ad
361 1971 397 2005 P
422 1972 464 2005 ut
489 1972 554 2006 del.
583 1971 750 2017 Vyoletus
824 1976 844 2005 4
870 1973 912 2006 ut
936 1973 975 2006 in
1002 1972 1170 2016 Vyoletus
1204 1973 1242 2007 in
1268 1985 1333 2009 om.
1355 1974 1391 2007 P

89 2023 107 2053 5
135 2019 342 2064 hominum]
370 2030 511 2053 memor
537 2019 619 2053 add.
635 2019 835 2054 Aceursius
857 2020 863 2063 Ι
890 2019 928 2053 in
948 2020 1133 2065 exanimo]
1161 2019 1199 2054 in
1225 2032 1290 2057 om.
1315 2021 1350 2054 P
1374 2032 1432 2055 ex-

89 2067 253 2101 animum
273 2067 419 2101 hostem
436 2066 688 2100 Accursianus
762 2069 781 2099 6
800 2066 875 2110 yris
892 2067 928 2100 P
948 2066 952 2112 Ι
976 2067 1190 2101 cohartatur
1206 2067 1242 2101 P
1315 2072 1331 2102 7
1355 2068 1433 2102 Pri-

88 2124 212 2147 amum
238 2124 303 2149 om.
331 2114 367 2147 P
462 2117 504 2147 10
531 2113 679 2157 sepellit
704 2113 753 2147 Ps
783 2115 795 2158 ΙΙ
825 2113 977 2148 Finiunt
1001 2113 1138 2159 piocha
1161 2114 1305 2159 yliades
1335 2115 1338 2160 Ι
1374 2115 1431 2148 In-

89 2160 180 2205 cipit
200 2160 347 2206 ssss‘ocha
374 2159 519 2195 odissie.
549 2159 585 2193 P
