1563 2511
549 72 600 77 -
663 60 890 90 LXXXXIIII
951 72 1009 77 -

220 161 371 199 Theoni
403 161 513 199 misit
544 164 626 209 (Ep.
659 163 726 198 XV
758 164 892 209 praefi:
931 163 1084 198 inuenta
1115 162 1277 208 epistula
1308 164 1448 206 uetere,

220 227 331 259 quam
364 214 408 249 de
436 214 567 250 ostreis
601 215 638 249 et
669 214 845 250 musculis
879 215 1068 250 adfectata.
1100 212 1326 249 obscuritate
1364 223 1449 248 con-

218 262 531 352 differzm’ffuw
570 262 785 297 adulescens
822 264 961 296 temere
994 261 1178 304 fuderam,
1216 260 1292 294 iam
1325 259 1448 295 senior

217 320 256 343 re
277 319 337 343 rac
359 320 417 343 am
439 337 445 344 .

101 371 185 413 338
219 370 508 424 Hieronymus
548 369 601 411 ad
640 385 676 411 a.
716 369 850 411 2352:
895 368 1050 410 Pater
1093 368 1240 409 rhetor
1284 367 1448 408 Romae

219 428 526 484 gloriosissime
577 429 700 470 docet
752 434 811 475 (cf.
850 434 949 469 Prof.
983 438 1005 468 4
1038 434 1076 468 et
1108 437 1138 468 5.
1206 433 1356 467 Hieron.
1402 432 1450 467 acl

221 485 430 530 Hedybiam
451 496 507 530 ep.
531 489 613 520 150:
635 485 794 520 maiores
814 485 869 519 tui
889 484 1059 519 Paterius
1081 486 1194 527 atque
1211 482 1448 527 Delphidius,

219 544 376 578 quorum
403 533 498 567 alter
524 533 725 576 antequam
751 543 820 577 ego
846 542 1027 574 nascerer,
1057 530 1280 565 rhetoricam
1307 530 1449 565 Romae

219 580 364 622 docuit,
398 580 493 614 alter
517 590 576 614 me
602 580 678 613 iam
705 579 987 614 adulescentulo
1015 589 1142 613 omnes
1169 576 1310 612 Gallias
1338 587 1450 622 prosa

218 637 402 670 uersuque
429 638 495 662 suo
521 626 738 661 inlustrauit
762 625 936 671 ingenio).

99 694 190 731 ante
217 704 251 730 a.
279 692 361 730 343
397 691 747 740 epigrammata
778 691 834 728 ad
867 690 1091 728 Sabinam
1125 691 1192 738 39,
1226 683 1357 741 4002),
1393 690 1447 727 53

219 752 332 789 ——55
368 753 407 788 et
439 747 585 800 quibus
619 750 765 788 Laidas
797 752 837 787 et
863 749 1051 799 Glyceras
1078 749 1296 786 celebrauit
1328 743 1379 788 (e.
1413 760 1448 798 g.

219 811 272 848 38
308 811 348 847 et
382 810 434 847 65
469 809 516 847 de
548 804 703 860 Laide).

100 892 133 919 c.
161 892 198 919 a.
224 876 309 917 343
338 890 400 917 ex.
438 876 546 916 obiit
586 874 775 917 Sabina
814 875 1132 930 duodetriginta
1171 889 1305 916 annos
1345 876 1450 915 nata

219 933 312 978 (Par.
329 937 360 976 9,
376 937 437 968 25:
458 944 551 977 quae
567 933 676 968 modo
693 933 865 977 septenos
880 933 1012 976 quater
1027 931 1215 976 inpletura
1228 931 1449 966 Decembres

218 980 363 1025 liquisti
388 983 506 1024 natos,
533 980 691 1025 pignera
715 982 854 1023 nostra,
882 979 985 1015 duos.
1031 983 1064 1024 9,
1086 983 1124 1014 8:
1149 989 1288 1023 perque
1315 989 1450 1013 nouem

222 1028 368 1063 caelebs
394 1031 430 1062 te
458 1028 528 1063 fleo
554 1027 812 1073 olympiadas).

219 1089 507 1143 Exuperius
546 1088 694 1130 rhetor
729 1087 935 1130 Narbone
975 1087 1098 1128 docet
1129 1086 1337 1128 Dalmatii
1378 1092 1450 1133 (ob.

219 1166 251 1189 a.
273 1159 353 1198 351,
374 1154 418 1189 cf.
440 1154 591 1199 Eutrop.
612 1154 646 1188 X
666 1154 701 1195 9)
728 1147 841 1188 filios
864 1152 976 1194 <Pi-of.
1002 1157 1054 1196 17,
1076 1157 1096 1187 9
1117 1164 1195 1196 sqq.
1216 1154 1297 1186 tum
1316 1162 1450 1196 pueros

220 1206 359 1239 metam
389 1216 505 1250 prope
536 1205 688 1249 puberis
721 1204 820 1248 aeui,
853 1203 1073 1238 Caesareum
1105 1202 1170 1247 qui
1196 1212 1281 1236 mox
1306 1201 1451 1247 indepti

220 1263 354 1287 nomen
382 1274 421 1277 -
445 1280 451 1287 .

102 1301 186 1344 353
228 1254 440 1342 nascitur>
469 1300 684 1342 Pontius
736 1299 1008 1350 Paulinus,
1064 1300 1216 1354 postea
1265 1297 1451 1340 Ausonii

219 1360 468 1415 discipulus.

100 1419 186 1462 355
219 1418 508 1473 Hieronymus
530 1418 583 1459 ad
605 1433 639 1459 a.
664 1418 796 1459 2369:
818 1416 1100 1458 Miner-uius
1120 1415 1449 1470 Burdigalensis

218 1478 366 1520 rhetor
399 1478 561 1520 Romae
594 1477 896 1519 florentissime
929 1475 1051 1517 docet
1083 1480 1142 1523 (cf.
1168 1480 1266 1515 Prof.
1298 1480 1340 1523 12».

99 1564 132 1591 c.
165 1548 249 1591 357
302 1548 554 1590 Arborius
605 1550 825 1589 maternus
876 1561 981 1588 auus
1031 1545 1216 1587 Ausonii
1266 1544 1451 1587 moritur

217 1607 551 1663 nonagenarius,
584 1609 814 1661 postquam
840 1621 915 1660 per
940 1605 1054 1646 trina
1081 1604 1287 1646 decennia
1311 1603 1450 1644 filium

221 1667 393 1708 defleuit
425 1673 522 1714 (Par.
549 1672 596 1714 4).

100 1727 183 1768 357
217 1725 511 1780 Hieronymus
533 1725 584 1766 ad
607 1740 642 1766 a.
659 1724 794 1766 2371:
821 1723 1051 1765 Alcimus
1073 1725 1115 1763 et
1134 1721 1449 1776 Delphidius

218 1785 414 1827 rhetores
441 1784 486 1825 in
509 1784 743 1838 Aquitania
769 1782 1071 1825 florentissime
1094 1782 1247 1823 docent
1267 1786 1327 1829 (ef.
1349 1786 1448 1822 Prof.

220 1846 240 1876 2
268 1843 306 1877 et
331 1845 361 1876 5.
415 1841 538 1876 Sidon.
572 1851 627 1886 ep.
660 1841 689 1874 V
720 1844 773 1875 10.
807 1839 893 1874 VIII
923 1843 976 1875 11.
1027 1838 1176 1873 Hieron.
1209 1849 1267 1882 ep.
1302 1841 1369 1873 150
1402 1837 1450 1872 ad

219 1889 430 1934 Hedybiam
463 1888 554 1934 [uid.
583 1899 693 1933 supra
721 1889 767 1922 ad
793 1899 825 1922 a.
853 1887 949 1932 338].
996 1885 1179 1921 Ammian.
1207 1884 1329 1919 XVIII
1359 1889 1389 1927 1,
1416 1888 1448 1919 4.

220 1935 295 1970 uid.
323 1936 419 1970 infra
445 1937 492 1970 ad
519 1946 550 1969 a.
578 1940 646 1970 363
675 1936 713 1970 et
738 1937 832 1979 383).

99 1997 184 2040 359
218 1996 498 2038 Gratianus
526 2002 688 2043 (nomine
715 2014 826 2037 auum
845 2001 1025 2036 referens:
1053 1998 1167 2035 Cento
1189 2003 1221 2035 9.
1261 1998 1449 2034 Ammian.

217 2062 319 2096 XXX
347 2067 378 2106 7,
406 2067 436 2097 2.
470 2061 632 2107 Epitom.
661 2066 716 2105 45,
739 2062 773 2103 2)
805 2054 997 2096 nascitur
1030 2051 1175 2094 Sirmii
1209 2057 1372 2099 (Hieron.
1402 2057 1451 2092 ad

218 2125 320 2156 2375.
367 2121 528 2166 Epitom.
556 2120 627 2156 47⁸.

100 2174 185 2216 363
218 2173 455 2215 Iulianus
477 2172 810 2228 imperator-IIII
824 2172 889 2214 Fl.
905 2170 1135 2212 Sallustius
1154 2183 1279 2224 coss.3
1302 2183 1450 2211 eorum

219 2233 489 2323 cssnssulatum
522 2232 715 2273 Alcimus
754 2231 902 2273 rhetor
939 2230 1060 2271 libris
1095 2229 1181 2270 suis
1215 2228 1450 2270 celebrauit

219 2293 229 2333 (
264 2301 302 2324 ro
326 2319 331 2325 .
362 2294 393 2333 ⁸2,
421 2291 490 2331 21).
