1563 2511
647 41 934 84 „73-

47 171 122 201 [233]
595 157 681 193 XVI
719 157 995 193 SARPEDONI

124 241 343 296 Sarpedon
374 241 548 298 Lycius,
579 243 752 298 genitus
783 241 904 295 Ioue,
935 241 1111 283 numine
1143 241 1278 296 patris

181 300 416 356 Sperabam
449 302 630 357 caelum,
664 304 728 343 set
759 304 884 357 tegor
915 301 996 343 hoc
1028 301 1195 342 tumulo

121 359 376 416 Sanguineis
410 361 535 403 fletus
567 361 775 403 lacrimis:
808 374 886 415 pro
917 359 1058 401 ferrea
1089 359 1196 413 fata,

178 419 237 461 Et
267 420 432 474 patitur
462 420 646 473 luctum,
679 420 751 474 qui
783 419 1009 473 prohibere
1041 421 1195 474 potest.

47 548 121 579 [234]
439 535 539 570 XVII
575 534 720 570 NASTI
746 534 807 569 ET
831 533 1158 569 AMPHIMACHO

118 618 161 661 N
165 622 278 662 astes
310 620 756 675 Amphimachusque‚
787 619 1017 662 Nomionis
1049 619 1197 661 inclita
1227 619 1388 674 proles,

182 679 392 721 Ductores
427 679 659 734 quondam,
690 680 832 734 puluis
867 682 909 720 et
940 679 1094 721 umbra
1126 693 1283 720 sumus.

46 808 120 839 [235]
626 795 747 830 XVIII
780 793 956 830 TROILO

116 878 303 921 Hectore
334 881 553 933 prostrato
584 893 663 921 nec
697 879 760 920 dis
792 893 871 921 nec
901 879 1066 921 uiribus
1099 879 1246 934 aequis

176 937 445 992 Congressus
479 953 607 980 saeuo
641 938 815 981 Troilus
849 937 1080 993 Aeacidae,

116 996 329 1051 Raptatus
364 997 475 1052 bigis
506 997 655 1039 fratris
689 997 925 1052 coniungor
956 997 1123 1051 honori,

175 1056 305 1098 Cuius
339 1057 392 1098 ob
427 1057 666 1111 exemplum
698 1070 776 1099 nec
808 1056 914 1098 mihi
945 1070 1084 1111 poena
1117 1056 1274 1112 grauis.

44 1184 117 1215 [2:36]
573 1172 711 1207 XVIIII
746 1171 1008 1208 POLYDORO

114 1256 227 1300 Cede
259 1258 408 1311 procul
439 1260 715 1313 myrtumque
747 1257 877 1299 istam
908 1257 1027 1312 fuge,
1058 1257 1226 1300 nescius
1259 1258 1434 1313 hospes:

171 1316 373 1359 Telorum
407 1331 528 1373 seges
563 1319 629 1359 est
660 1317 869 1371 sanguine
903 1317 1051 1358 adulta
1083 1331 1190 1359 meo.

113 1374 316 1417 Confixus
349 1376 500 1418 iaculis
534 1378 577 1418 et
609 1376 663 1417 ab
695 1376 792 1430 ipsa
824 1375 951 1417 caede
985 1376 1178 1431 sepultus

171 1434 340 1477 Condor
372 1435 417 1476 in
447 1435 528 1477 hoc
559 1436 726 1476 tumulo
759 1435 824 1476 bis
859 1434 1098 1489 Polydorus
1131 1449 1223 1490 ego.

113 1492 203 1536 Scit
234 1495 331 1548 pius
363 1494 535 1536 Aeneas
569 1496 611 1535 et
641 1497 709 1548 tu,
740 1508 815 1535 rex
846 1494 996 1548 imple,
1028 1494 1138 1549 quod
1174 1509 1239 1535 me
1442 1506 1462 1537 5

172 1553 356 1595 Thracia
386 1568 526 1608 poena
555 1553 732 1608 premit,
763 1552 893 1594 Troia
925 1567 1026 1595 cura
1057 1554 1177 1609 tegit.

110 1669 196 1703 xvi
226 1669 308 1704 vid.
336 1670 441 1714 Pepl.
468 1672 512 1704 53

110 1728 214 1762 XVII
240 1729 282 1764 Il.
310 1728 343 1762 ΙΙ
364 1733 429 1764 871
478 1726 632 1772 Νάστης
655 1725 881 1774 Ἀμφίμαχός
911 1741 950 1764 τε
978 1729 1169 1774 Νομίονος
1199 1726 1321 1773 ἀγλαὰ
1349 1726 1462 1764 τέκνα

203 1834 289 1870 XVI
316 1847 553 1869 SARPEDomvs
580 1836 636 1879 (vs
661 1835 748 1870 min.
775 1835 857 1879 del.)
891 1834 925 1869 V
1021 1839 1036 1869 1
1065 1834 1173 1869 licius
1207 1835 1264 1871 V!
1295 1835 1380 1871 iobe
1413 1835 1460 1871 Vl

157 1886 176 1917 2
204 1894 399 1927 sperauam
431 1882 467 1917 V
558 1886 580 1916 4
606 1881 775 1926 proibere
802 1882 859 1925 V}
882 1882 1032 1927 potess‘st
1059 1885 1094 1926 (n
1120 1883 1224 1927 cras.)
1256 1882 1291 1917 V

203 1941 305 1977 XVII
331 1954 434 1975 NAsn
461 1941 519 1986 ET]
548 1954 582 1974 IE
608 1941 649 1975 in
673 1952 744 1975 ras.
778 1941 813 1976 V
909 1946 925 1975 1
958 1941 1077 1976 nastie
1110 1941 1145 1976 V
1167 1953 1255 1977 corr.
1283 1942 1458 1989 Luyclun.

156 1993 175 2023 2
202 1989 382 2024 Doctores
416 1988 450 2023 V
471 1999 561 2023 corr.
591 1988 780 2023 Pulmcmn
801 1992 805 2032 Ι
829 1989 985 2022 condam
1018 1989 1052 2023 V

202 2047 323 2082 XVIII
352 2058 463 2082 saeuo
497 2047 648 2081 Vinctus
674 2075 681 2081 .
703 2075 711 2083 .
734 2075 740 2082 .
764 2075 771 2081 .
800 2059 820 2082 o
845 2048 1019 2092 (spatium
1051 2051 1222 2092 quattuor
1252 2048 1320 2084 litt.
1353 2050 1458 2085 mella

109 2097 253 2139 rasura)
288 2096 322 2130 V
415 2098 436 2128 4
461 2104 584 2141 pogna
616 2093 650 2125 V

201 2154 339 2190 XVIIII
364 2165 539 2188 rompono
573 2152 607 2187 V
690 2157 706 2186 1
735 2153 846 2187 istam
876 2153 1025 2188 Vinctus
1051 2157 1148 2188 stum
1177 2154 1235 2199 V}
1257 2155 1396 2190 nescius
1429 2155 1463 2189 V

155 2207 176 2237 4
201 2203 393 2249 polidorus
426 2201 460 2236 V
555 2204 574 2234 5
601 2211 736 2246 aeneas
768 2201 823 2246 V!
852 2201 927 2246 me]
961 2212 1043 2248 mae
1076 2201 1109 2235 V
1202 2206 1222 2237 6
1247 2203 1398 2238 triracia
1427 2201 1462 2237 V

107 2284 195 2310 corr.
223 2273 396 2319 Luqdun.
422 2275 426 2317 Ι
449 2255 571 2319 troiad
603 2274 637 2309 V
661 2256 683 2317 d
710 2274 774 2309 del.
803 2273 965 2317 VinetuS,
990 2272 1016 2316 f.
1043 2273 1170 2308 troica.
